timestamp,symbol,side,amount,price,exchange
1749217253.007953,BTC/USD,SELL,6,20291,FTX
1749217253.007953,BTC/USD,BUY,6,20301,Bybit
1749217253.007953,BTC/USD,SELL,1,20298,FTX
1749217253.007953,BTC/USD,BUY,7,20307,FTX
1749217253.007953,BTC/USD,SELL,1,20314,Binance
1749217253.007953,BTC/USD,BUY,2,20319,Binance
1749217253.007953,BTC/USD,BUY,1,20324,Bybit
1749217253.007953,BTC/USD,BUY,2,20330,FTX
1749217253.007953,BTC/USD,SELL,9,20320,Binance
1749217253.007953,BTC/USD,BUY,9,20322,FTX
1749217253.007953,BTC/USD,SELL,1,20319,FTX
1749217253.007953,BTC/USD,SELL,1,20319,Bybit
1749217253.007953,BTC/USD,BUY,8,20312,Binance
1749217253.007953,BTC/USD,SELL,1,20305,Bybit
1749217253.007953,BTC/USD,BUY,7,20306,dYdX
1749217253.007953,BTC/USD,SELL,9,20298,dYdX
1749217253.007953,BTC/USD,SELL,6,20298,FTX
1749217253.007953,BTC/USD,BUY,6,20294,Bybit
1749217253.007953,BTC/USD,BUY,7,20293,FTX
1749217253.007953,BTC/USD,BUY,1,20298,dYdX
1749217253.007953,BTC/USD,SELL,7,20306,FTX
1749217253.007953,BTC/USD,BUY,0,20316,Bybit
1749217253.007953,BTC/USD,SELL,9,20316,FTX
1749217253.007953,BTC/USD,BUY,2,20309,Binance
1749217253.007953,BTC/USD,SELL,7,20315,Bybit
1749217253.007953,BTC/USD,BUY,9,20313,dYdX
1749217253.007953,BTC/USD,BUY,0,20316,Bybit
1749217253.007953,BTC/USD,SELL,8,20318,dYdX
1749217253.007953,BTC/USD,SELL,2,20314,dYdX
1749217253.007953,BTC/USD,SELL,1,20324,FTX
1749217253.007953,BTC/USD,SELL,2,20316,dYdX
1749217253.007953,BTC/USD,SELL,1,20326,dYdX
1749217253.007953,BTC/USD,BUY,2,20330,FTX
1749217253.007953,BTC/USD,BUY,0,20338,FTX
1749217253.007953,BTC/USD,BUY,3,20341,Binance
1749217253.007953,BTC/USD,BUY,2,20331,FTX
1749217253.007953,BTC/USD,SELL,5,20328,Binance
1749217253.007953,BTC/USD,BUY,9,20331,dYdX
1749217253.007953,BTC/USD,BUY,2,20341,Binance
1749217253.007953,BTC/USD,BUY,8,20335,FTX
1749217253.007953,BTC/USD,SELL,1,20345,FTX
1749217253.007953,BTC/USD,SELL,3,20342,Binance
1749217253.007953,BTC/USD,SELL,7,20339,Binance
1749217253.007953,BTC/USD,BUY,8,20332,Binance
1749217253.007953,BTC/USD,BUY,5,20342,FTX
1749217253.007953,BTC/USD,BUY,0,20351,Binance
1749217253.007953,BTC/USD,SELL,4,20351,Binance
1749217253.007953,BTC/USD,SELL,1,20356,Bybit
1749217253.007953,BTC/USD,SELL,6,20356,FTX
1749217253.007953,BTC/USD,SELL,3,20356,Bybit
1749217253.007953,BTC/USD,SELL,3,20354,FTX
1749217253.007953,BTC/USD,BUY,2,20361,Binance
1749217253.007953,BTC/USD,SELL,7,20355,Binance
1749217253.007953,BTC/USD,SELL,3,20355,FTX
1749217253.007953,BTC/USD,SELL,9,20353,dYdX
1749217253.007953,BTC/USD,BUY,0,20358,Binance
1749217253.007953,BTC/USD,BUY,9,20367,FTX
1749217253.007953,BTC/USD,BUY,4,20366,dYdX
1749217253.007953,BTC/USD,BUY,1,20357,FTX
1749217253.007953,BTC/USD,BUY,2,20367,Bybit
1749217253.007953,BTC/USD,BUY,0,20361,dYdX
1749217253.007953,BTC/USD,SELL,6,20355,dYdX
1749217253.007953,BTC/USD,SELL,8,20363,FTX
1749217253.007953,BTC/USD,SELL,8,20361,Binance
1749217253.007953,BTC/USD,BUY,6,20352,Bybit
1749217253.0089526,BTC/USD,SELL,9,20362,dYdX
1749217253.0089526,BTC/USD,SELL,6,20368,Binance
1749217253.0089526,BTC/USD,SELL,3,20369,FTX
1749217253.0089526,BTC/USD,SELL,0,20368,Binance
1749217253.0089526,BTC/USD,SELL,5,20363,Bybit
1749217253.0089526,BTC/USD,BUY,6,20359,dYdX
1749217253.0089526,BTC/USD,SELL,6,20356,dYdX
1749217253.0089526,BTC/USD,SELL,3,20361,dYdX
1749217253.0089526,BTC/USD,SELL,4,20352,FTX
1749217253.0089526,BTC/USD,BUY,0,20354,Bybit
1749217253.0089526,BTC/USD,SELL,7,20363,dYdX
1749217253.0089526,BTC/USD,BUY,3,20372,Bybit
1749217253.0089526,BTC/USD,SELL,0,20374,Bybit
1749217253.0089526,BTC/USD,SELL,7,20379,Bybit
1749217253.0089526,BTC/USD,SELL,7,20370,dYdX
1749217253.0089526,BTC/USD,SELL,8,20374,FTX
1749217253.0089526,BTC/USD,BUY,9,20380,Binance
1749217253.0089526,BTC/USD,BUY,3,20376,FTX
1749217253.0089526,BTC/USD,SELL,8,20383,FTX
1749217253.0089526,BTC/USD,BUY,4,20381,Bybit
1749217253.0089526,BTC/USD,BUY,1,20391,Binance
1749217253.0089526,BTC/USD,SELL,4,20385,FTX
1749217253.0089526,BTC/USD,SELL,3,20375,dYdX
1749217253.0089526,BTC/USD,BUY,4,20368,dYdX
1749217253.0089526,BTC/USD,BUY,8,20374,Bybit
1749217253.0089526,BTC/USD,SELL,2,20380,Bybit
1749217253.0089526,BTC/USD,BUY,7,20377,FTX
1749217253.0089526,BTC/USD,SELL,7,20372,Binance
1749217253.0089526,BTC/USD,SELL,9,20370,Bybit
1749217253.0089526,BTC/USD,BUY,9,20377,Binance
1749217253.0089526,BTC/USD,SELL,0,20371,Bybit
1749217253.0089526,BTC/USD,SELL,2,20380,Bybit
1749217253.0089526,BTC/USD,BUY,2,20378,Binance
1749217253.0089526,BTC/USD,SELL,3,20386,FTX
1749217253.0089526,BTC/USD,BUY,5,20385,FTX
1749217253.0089526,BTC/USD,SELL,6,20377,Bybit
1749217253.0089526,BTC/USD,BUY,1,20384,dYdX
1749217253.0089526,BTC/USD,BUY,1,20393,dYdX
1749217253.0089526,BTC/USD,BUY,6,20384,FTX
1749217253.0089526,BTC/USD,SELL,3,20378,dYdX
1749217253.0089526,BTC/USD,SELL,9,20370,dYdX
1749217253.0089526,BTC/USD,SELL,0,20364,FTX
1749217253.0089526,BTC/USD,BUY,8,20354,Binance
1749217253.0089526,BTC/USD,SELL,6,20357,Binance
1749217253.0089526,BTC/USD,BUY,4,20355,Binance
1749217253.0089526,BTC/USD,SELL,7,20358,Bybit
1749217253.0089526,BTC/USD,SELL,1,20354,dYdX
1749217253.0089526,BTC/USD,SELL,2,20354,Bybit
1749217253.0089526,BTC/USD,BUY,7,20360,dYdX
1749217253.0089526,BTC/USD,SELL,7,20352,Bybit
1749217253.0089526,BTC/USD,SELL,2,20348,FTX
1749217253.0089526,BTC/USD,BUY,7,20355,Binance
1749217253.0089526,BTC/USD,BUY,1,20346,FTX
1749217253.0089526,BTC/USD,SELL,5,20346,FTX
1749217253.0089526,BTC/USD,BUY,4,20346,Binance
1749217253.0089526,BTC/USD,SELL,9,20355,dYdX
1749217253.0089526,BTC/USD,SELL,5,20351,dYdX
1749217253.0089526,BTC/USD,BUY,7,20357,FTX
1749217253.0089526,BTC/USD,SELL,1,20350,Bybit
1749217253.0089526,BTC/USD,SELL,2,20360,FTX
1749217253.0089526,BTC/USD,SELL,6,20350,FTX
1749217253.0089526,BTC/USD,BUY,0,20346,dYdX
1749217253.0089526,BTC/USD,SELL,9,20341,Binance
1749217253.0089526,BTC/USD,SELL,8,20349,dYdX
1749217253.0089526,BTC/USD,SELL,4,20352,dYdX
1749217253.0089526,BTC/USD,SELL,6,20349,Binance
1749217253.0089526,BTC/USD,SELL,7,20350,FTX
1749217253.0089526,BTC/USD,BUY,6,20344,Bybit
1749217253.0089526,BTC/USD,SELL,0,20353,dYdX
1749217253.0089526,BTC/USD,SELL,0,20361,Binance
1749217253.0089526,BTC/USD,BUY,2,20353,Bybit
1749217253.0089526,BTC/USD,SELL,0,20343,Binance
1749217253.0089526,BTC/USD,BUY,4,20340,FTX
1749217253.0089526,BTC/USD,SELL,6,20342,dYdX
1749217253.0089526,BTC/USD,SELL,6,20351,FTX
1749217253.0089526,BTC/USD,BUY,3,20343,Binance
1749217253.0089526,BTC/USD,SELL,1,20337,dYdX
1749217253.0089526,BTC/USD,SELL,8,20334,dYdX
1749217253.0089526,BTC/USD,BUY,0,20329,dYdX
1749217253.0089526,BTC/USD,SELL,8,20322,FTX
1749217253.0089526,BTC/USD,SELL,9,20312,Binance
1749217253.0089526,BTC/USD,SELL,9,20321,FTX
1749217253.0089526,BTC/USD,SELL,6,20321,FTX
1749217253.0089526,BTC/USD,BUY,8,20327,Bybit
1749217253.0089526,BTC/USD,BUY,9,20331,Bybit
1749217253.0089526,BTC/USD,BUY,5,20341,Bybit
1749217253.0089526,BTC/USD,BUY,7,20339,Binance
1749217253.0089526,BTC/USD,BUY,5,20330,FTX
1749217253.0089526,BTC/USD,SELL,5,20324,FTX
1749217253.0089526,BTC/USD,BUY,4,20324,FTX
1749217253.0089526,BTC/USD,BUY,8,20322,dYdX
1749217253.0089526,BTC/USD,BUY,4,20327,FTX
1749217253.0089526,BTC/USD,BUY,0,20326,Bybit
1749217253.0089526,BTC/USD,SELL,8,20327,dYdX
1749217253.0089526,BTC/USD,BUY,4,20317,dYdX
1749217253.0089526,BTC/USD,SELL,0,20326,dYdX
1749217253.0089526,BTC/USD,SELL,0,20332,dYdX
1749217253.0089526,BTC/USD,SELL,1,20335,Binance
1749217253.0089526,BTC/USD,SELL,5,20328,dYdX
1749217253.0089526,BTC/USD,SELL,7,20335,Bybit
1749217253.0089526,BTC/USD,SELL,0,20337,Bybit
1749217253.0089526,BTC/USD,SELL,1,20338,Binance
1749217253.0089526,BTC/USD,SELL,1,20331,Binance
1749217253.0089526,BTC/USD,SELL,0,20328,dYdX
1749217253.0089526,BTC/USD,BUY,6,20321,Binance
1749217253.0089526,BTC/USD,SELL,1,20326,Bybit
1749217253.0089526,BTC/USD,BUY,9,20316,Binance
1749217253.0089526,BTC/USD,BUY,4,20318,FTX
1749217253.0089526,BTC/USD,BUY,3,20326,FTX
1749217253.0089526,BTC/USD,SELL,7,20322,FTX
1749217253.0089526,BTC/USD,BUY,7,20321,Binance
1749217253.0089526,BTC/USD,SELL,9,20320,FTX
1749217253.0089526,BTC/USD,SELL,6,20314,FTX
1749217253.0089526,BTC/USD,SELL,6,20322,dYdX
1749217253.0089526,BTC/USD,BUY,4,20330,Bybit
1749217253.0089526,BTC/USD,SELL,9,20329,dYdX
1749217253.0089526,BTC/USD,BUY,2,20339,Binance
1749217253.0089526,BTC/USD,SELL,4,20348,FTX
1749217253.0089526,BTC/USD,BUY,8,20352,FTX
1749217253.0089526,BTC/USD,BUY,0,20342,dYdX
1749217253.0089526,BTC/USD,SELL,7,20351,dYdX
1749217253.0089526,BTC/USD,SELL,4,20355,Binance
1749217253.0089526,BTC/USD,SELL,9,20351,FTX
1749217253.0089526,BTC/USD,SELL,0,20341,FTX
1749217253.0089526,BTC/USD,SELL,4,20331,Binance
1749217253.0089526,BTC/USD,BUY,8,20329,Binance
1749217253.0089526,BTC/USD,BUY,7,20339,dYdX
1749217253.0089526,BTC/USD,SELL,4,20345,dYdX
1749217253.0089526,BTC/USD,BUY,3,20342,Binance
1749217253.0089526,BTC/USD,SELL,2,20345,Bybit
1749217253.0089526,BTC/USD,SELL,4,20338,Bybit
1749217253.0089526,BTC/USD,SELL,5,20348,Binance
1749217253.0089526,BTC/USD,BUY,4,20349,FTX
1749217253.0089526,BTC/USD,BUY,9,20350,Bybit
1749217253.0089526,BTC/USD,BUY,1,20357,FTX
1749217253.0089526,BTC/USD,BUY,6,20351,FTX
1749217253.0089526,BTC/USD,SELL,5,20354,dYdX
1749217253.0089526,BTC/USD,BUY,9,20344,Bybit
1749217253.0089526,BTC/USD,SELL,8,20335,Binance
1749217253.0089526,BTC/USD,SELL,6,20330,Bybit
1749217253.0089526,BTC/USD,BUY,2,20330,Binance
1749217253.0089526,BTC/USD,SELL,3,20340,FTX
1749217253.0089526,BTC/USD,SELL,3,20348,dYdX
1749217253.0089526,BTC/USD,SELL,9,20343,dYdX
1749217253.0089526,BTC/USD,SELL,6,20333,Bybit
1749217253.0089526,BTC/USD,BUY,9,20336,dYdX
1749217253.0089526,BTC/USD,SELL,0,20345,dYdX
1749217253.0089526,BTC/USD,BUY,0,20355,Binance
1749217253.0089526,BTC/USD,SELL,7,20355,dYdX
1749217253.0089526,BTC/USD,BUY,9,20352,Binance
1749217253.0089526,BTC/USD,BUY,1,20355,Bybit
1749217253.0089526,BTC/USD,SELL,2,20345,Binance
1749217253.0089526,BTC/USD,SELL,1,20344,Binance
1749217253.0089526,BTC/USD,SELL,8,20338,FTX
1749217253.0089526,BTC/USD,SELL,4,20342,FTX
1749217253.0089526,BTC/USD,BUY,3,20352,FTX
1749217253.0089526,BTC/USD,SELL,6,20361,dYdX
1749217253.0089526,BTC/USD,BUY,6,20367,Binance
1749217253.0089526,BTC/USD,SELL,6,20369,Bybit
1749217253.0089526,BTC/USD,SELL,0,20368,Binance
1749217253.0089526,BTC/USD,SELL,8,20370,Bybit
1749217253.0089526,BTC/USD,BUY,5,20364,dYdX
1749217253.0089526,BTC/USD,SELL,0,20355,FTX
1749217253.0089526,BTC/USD,SELL,0,20346,Bybit
1749217253.0089526,BTC/USD,BUY,1,20352,Bybit
1749217253.0089526,BTC/USD,BUY,3,20342,dYdX
1749217253.0089526,BTC/USD,SELL,9,20348,dYdX
1749217253.0089526,BTC/USD,SELL,7,20353,Binance
1749217253.0089526,BTC/USD,BUY,2,20355,dYdX
1749217253.0089526,BTC/USD,BUY,2,20360,Binance
1749217253.0089526,BTC/USD,BUY,0,20359,Binance
1749217253.0089526,BTC/USD,SELL,8,20363,dYdX
1749217253.0089526,BTC/USD,SELL,6,20353,FTX
1749217253.0089526,BTC/USD,BUY,1,20352,Binance
1749217253.0089526,BTC/USD,BUY,8,20342,Bybit
1749217253.0089526,BTC/USD,SELL,2,20333,FTX
1749217253.0089526,BTC/USD,BUY,1,20328,dYdX
1749217253.0089526,BTC/USD,SELL,8,20326,FTX
1749217253.0089526,BTC/USD,SELL,5,20332,Binance
1749217253.0089526,BTC/USD,BUY,7,20339,Bybit
1749217253.0089526,BTC/USD,BUY,1,20337,Binance
1749217253.0089526,BTC/USD,BUY,7,20335,Bybit
1749217253.0089526,BTC/USD,BUY,6,20330,FTX
1749217253.0089526,BTC/USD,SELL,3,20332,Bybit
1749217253.0089526,BTC/USD,SELL,4,20330,Binance
1749217253.0089526,BTC/USD,SELL,5,20327,FTX
1749217253.0089526,BTC/USD,BUY,5,20327,Bybit
1749217253.0089526,BTC/USD,BUY,5,20327,FTX
1749217253.0089526,BTC/USD,BUY,8,20327,Bybit
1749217253.0089526,BTC/USD,SELL,1,20325,Bybit
1749217253.0089526,BTC/USD,SELL,7,20325,FTX
1749217253.0089526,BTC/USD,BUY,5,20329,Bybit
1749217253.0089526,BTC/USD,SELL,5,20322,Bybit
1749217253.0089526,BTC/USD,SELL,2,20313,Bybit
1749217253.0089526,BTC/USD,SELL,1,20321,Bybit
1749217253.0089526,BTC/USD,BUY,0,20317,dYdX
1749217253.0089526,BTC/USD,BUY,7,20314,Bybit
1749217253.0089526,BTC/USD,BUY,5,20309,Binance
1749217253.0089526,BTC/USD,BUY,8,20299,Bybit
1749217253.0089526,BTC/USD,BUY,0,20304,Binance
1749217253.0089526,BTC/USD,BUY,3,20314,Binance
1749217253.0089526,BTC/USD,SELL,4,20304,Bybit
1749217253.0089526,BTC/USD,SELL,9,20301,dYdX
1749217253.0089526,BTC/USD,SELL,1,20298,Bybit
1749217253.0089526,BTC/USD,SELL,9,20296,Binance
1749217253.0089526,BTC/USD,BUY,2,20295,Bybit
1749217253.0089526,BTC/USD,BUY,5,20298,FTX
1749217253.0089526,BTC/USD,SELL,4,20301,FTX
1749217253.0089526,BTC/USD,SELL,5,20299,Binance
1749217253.0089526,BTC/USD,SELL,4,20300,Bybit
1749217253.0089526,BTC/USD,BUY,6,20309,FTX
1749217253.0089526,BTC/USD,BUY,4,20303,Binance
1749217253.0089526,BTC/USD,BUY,2,20296,FTX
1749217253.0089526,BTC/USD,BUY,4,20306,Binance
1749217253.0089526,BTC/USD,SELL,2,20296,Bybit
1749217253.0089526,BTC/USD,SELL,8,20306,dYdX
1749217253.0089526,BTC/USD,SELL,0,20307,Binance
1749217253.0089526,BTC/USD,BUY,5,20311,Bybit
1749217253.0089526,BTC/USD,SELL,0,20307,Binance
1749217253.0089526,BTC/USD,SELL,6,20301,FTX
1749217253.0089526,BTC/USD,BUY,4,20294,dYdX
1749217253.0089526,BTC/USD,SELL,5,20292,Binance
1749217253.0089526,BTC/USD,SELL,9,20297,FTX
1749217253.0089526,BTC/USD,BUY,2,20295,dYdX
1749217253.0089526,BTC/USD,BUY,5,20293,dYdX
1749217253.0089526,BTC/USD,BUY,0,20284,FTX
1749217253.0089526,BTC/USD,BUY,1,20292,dYdX
1749217253.0089526,BTC/USD,SELL,6,20287,Bybit
1749217253.0089526,BTC/USD,SELL,1,20280,Bybit
1749217253.0089526,BTC/USD,SELL,0,20283,dYdX
1749217253.0089526,BTC/USD,SELL,1,20276,FTX
1749217253.0089526,BTC/USD,BUY,2,20271,Binance
1749217253.0089526,BTC/USD,BUY,6,20267,Bybit
1749217253.0089526,BTC/USD,SELL,7,20261,Bybit
1749217253.0089526,BTC/USD,BUY,8,20252,Binance
1749217253.0089526,BTC/USD,BUY,4,20251,Bybit
1749217253.0089526,BTC/USD,BUY,7,20242,Bybit
1749217253.0089526,BTC/USD,BUY,4,20233,Bybit
1749217253.0089526,BTC/USD,SELL,9,20234,Binance
1749217253.0089526,BTC/USD,SELL,3,20228,Bybit
1749217253.0089526,BTC/USD,SELL,3,20221,dYdX
1749217253.0089526,BTC/USD,BUY,0,20211,Binance
1749217253.0089526,BTC/USD,SELL,8,20219,FTX
1749217253.0089526,BTC/USD,SELL,1,20223,dYdX
1749217253.0089526,BTC/USD,SELL,3,20217,FTX
1749217253.0089526,BTC/USD,BUY,2,20222,Binance
1749217253.0089526,BTC/USD,BUY,6,20231,dYdX
1749217253.0089526,BTC/USD,BUY,7,20222,Bybit
1749217253.0089526,BTC/USD,SELL,5,20222,FTX
1749217253.0089526,BTC/USD,BUY,2,20226,Binance
1749217253.0089526,BTC/USD,BUY,6,20235,Bybit
1749217253.0089526,BTC/USD,BUY,5,20231,FTX
1749217253.0089526,BTC/USD,BUY,2,20232,Bybit
1749217253.0089526,BTC/USD,SELL,6,20228,FTX
1749217253.0089526,BTC/USD,SELL,4,20231,dYdX
1749217253.0089526,BTC/USD,BUY,4,20238,dYdX
1749217253.0089526,BTC/USD,SELL,9,20232,dYdX
1749217253.0089526,BTC/USD,BUY,1,20228,dYdX
1749217253.0089526,BTC/USD,SELL,4,20225,FTX
1749217253.0089526,BTC/USD,BUY,6,20227,Binance
1749217253.0089526,BTC/USD,SELL,7,20234,dYdX
1749217253.0089526,BTC/USD,SELL,0,20234,Bybit
1749217253.0089526,BTC/USD,BUY,8,20237,FTX
1749217253.0089526,BTC/USD,SELL,6,20230,FTX
1749217253.0089526,BTC/USD,BUY,1,20235,dYdX
1749217253.0089526,BTC/USD,SELL,4,20236,FTX
1749217253.0089526,BTC/USD,BUY,9,20226,FTX
1749217253.0089526,BTC/USD,SELL,7,20228,Bybit
1749217253.0089526,BTC/USD,BUY,6,20233,Binance
1749217253.0089526,BTC/USD,SELL,7,20229,Binance
1749217253.0089526,BTC/USD,BUY,1,20223,Binance
1749217253.0089526,BTC/USD,BUY,7,20215,dYdX
1749217253.0089526,BTC/USD,BUY,9,20213,Binance
1749217253.0089526,BTC/USD,BUY,1,20210,Binance
1749217253.0089526,BTC/USD,BUY,8,20204,dYdX
1749217253.0089526,BTC/USD,SELL,4,20206,dYdX
1749217253.0089526,BTC/USD,SELL,5,20212,Binance
1749217253.0089526,BTC/USD,BUY,2,20206,Bybit
1749217253.0089526,BTC/USD,SELL,1,20198,Binance
1749217253.0089526,BTC/USD,SELL,0,20197,dYdX
1749217253.0089526,BTC/USD,BUY,3,20201,Binance
1749217253.0089526,BTC/USD,BUY,4,20194,Bybit
1749217253.0089526,BTC/USD,SELL,2,20193,Binance
1749217253.0089526,BTC/USD,BUY,8,20198,dYdX
1749217253.0089526,BTC/USD,SELL,2,20194,Bybit
1749217253.0089526,BTC/USD,SELL,3,20199,Bybit
1749217253.0089526,BTC/USD,BUY,2,20206,Binance
1749217253.0089526,BTC/USD,BUY,5,20211,FTX
1749217253.0089526,BTC/USD,BUY,2,20210,dYdX
1749217253.0089526,BTC/USD,SELL,7,20205,dYdX
1749217253.0089526,BTC/USD,BUY,1,20208,FTX
1749217253.0089526,BTC/USD,SELL,2,20199,FTX
1749217253.0089526,BTC/USD,SELL,9,20197,dYdX
1749217253.0089526,BTC/USD,BUY,2,20196,dYdX
1749217253.0089526,BTC/USD,SELL,3,20205,Binance
1749217253.0089526,BTC/USD,BUY,7,20206,Binance
1749217253.0089526,BTC/USD,BUY,0,20214,Binance
1749217253.0089526,BTC/USD,BUY,5,20211,Bybit
1749217253.0089526,BTC/USD,BUY,4,20221,Bybit
1749217253.0089526,BTC/USD,SELL,9,20221,Binance
1749217253.0089526,BTC/USD,BUY,4,20225,dYdX
1749217253.0089526,BTC/USD,SELL,5,20226,dYdX
1749217253.0089526,BTC/USD,SELL,6,20225,FTX
1749217253.0089526,BTC/USD,BUY,8,20215,Bybit
1749217253.0089526,BTC/USD,SELL,7,20216,Bybit
1749217253.0089526,BTC/USD,BUY,0,20224,FTX
1749217253.0089526,BTC/USD,SELL,0,20216,FTX
1749217253.0089526,BTC/USD,BUY,5,20211,Bybit
1749217253.0089526,BTC/USD,SELL,7,20220,FTX
1749217253.0089526,BTC/USD,BUY,7,20225,FTX
1749217253.0089526,BTC/USD,BUY,2,20216,FTX
1749217253.0089526,BTC/USD,SELL,0,20207,dYdX
1749217253.0089526,BTC/USD,BUY,5,20202,Binance
1749217253.0089526,BTC/USD,BUY,9,20208,dYdX
1749217253.0089526,BTC/USD,BUY,0,20213,FTX
1749217253.0089526,BTC/USD,BUY,3,20207,Binance
1749217253.0089526,BTC/USD,SELL,2,20201,Bybit
1749217253.0089526,BTC/USD,BUY,9,20205,dYdX
1749217253.0089526,BTC/USD,SELL,0,20207,Bybit
1749217253.0089526,BTC/USD,SELL,7,20211,dYdX
1749217253.0089526,BTC/USD,SELL,1,20216,Binance
1749217253.0089526,BTC/USD,SELL,7,20210,Bybit
1749217253.0089526,BTC/USD,SELL,2,20204,Binance
1749217253.0089526,BTC/USD,BUY,1,20206,FTX
1749217253.0089526,BTC/USD,SELL,4,20201,Bybit
1749217253.0089526,BTC/USD,BUY,3,20202,Bybit
1749217253.0089526,BTC/USD,SELL,2,20197,Binance
1749217253.0089526,BTC/USD,SELL,0,20204,FTX
1749217253.0089526,BTC/USD,BUY,2,20208,dYdX
1749217253.0089526,BTC/USD,BUY,0,20207,Binance
1749217253.0089526,BTC/USD,BUY,8,20215,FTX
1749217253.0089526,BTC/USD,BUY,8,20209,Bybit
1749217253.0089526,BTC/USD,BUY,7,20211,dYdX
1749217253.0089526,BTC/USD,BUY,6,20206,dYdX
1749217253.0089526,BTC/USD,SELL,4,20201,Binance
1749217253.0089526,BTC/USD,SELL,5,20202,dYdX
1749217253.0089526,BTC/USD,SELL,0,20194,Binance
1749217253.0089526,BTC/USD,BUY,3,20202,Bybit
1749217253.0089526,BTC/USD,BUY,3,20212,dYdX
1749217253.0089526,BTC/USD,BUY,2,20210,Binance
1749217253.0089526,BTC/USD,SELL,9,20217,dYdX
1749217253.0089526,BTC/USD,SELL,4,20222,FTX
1749217253.0089526,BTC/USD,SELL,8,20220,Binance
1749217253.0089526,BTC/USD,BUY,6,20219,Binance
1749217253.0089526,BTC/USD,BUY,5,20219,FTX
1749217253.0089526,BTC/USD,BUY,6,20226,Binance
1749217253.0089526,BTC/USD,SELL,0,20229,Binance
1749217253.0089526,BTC/USD,SELL,7,20228,Bybit
1749217253.0089526,BTC/USD,SELL,5,20237,Binance
1749217253.0089526,BTC/USD,SELL,1,20244,Bybit
1749217253.0089526,BTC/USD,SELL,7,20237,Bybit
1749217253.0089526,BTC/USD,BUY,7,20246,dYdX
1749217253.0089526,BTC/USD,BUY,4,20256,dYdX
1749217253.0089526,BTC/USD,SELL,8,20263,Bybit
1749217253.0089526,BTC/USD,BUY,4,20263,Bybit
1749217253.0089526,BTC/USD,BUY,6,20273,Binance
1749217253.0089526,BTC/USD,BUY,7,20281,dYdX
1749217253.0089526,BTC/USD,BUY,3,20285,FTX
1749217253.0089526,BTC/USD,SELL,8,20292,Bybit
1749217253.0089526,BTC/USD,SELL,7,20282,Binance
1749217253.0089526,BTC/USD,SELL,9,20282,Binance
1749217253.0089526,BTC/USD,SELL,0,20275,dYdX
1749217253.0089526,BTC/USD,BUY,5,20277,Bybit
1749217253.0089526,BTC/USD,BUY,9,20269,FTX
1749217253.0089526,BTC/USD,SELL,3,20278,dYdX
1749217253.0089526,BTC/USD,SELL,4,20280,Bybit
1749217253.0089526,BTC/USD,BUY,8,20276,dYdX
1749217253.0089526,BTC/USD,SELL,6,20284,Bybit
1749217253.0089526,BTC/USD,SELL,5,20291,FTX
1749217253.0089526,BTC/USD,BUY,7,20297,Binance
1749217253.0089526,BTC/USD,SELL,2,20301,Bybit
1749217253.0089526,BTC/USD,SELL,2,20310,dYdX
1749217253.0089526,BTC/USD,SELL,5,20306,dYdX
1749217253.0089526,BTC/USD,SELL,7,20307,dYdX
1749217253.0089526,BTC/USD,BUY,5,20301,dYdX
1749217253.0089526,BTC/USD,SELL,1,20295,Binance
1749217253.0089526,BTC/USD,SELL,1,20295,Bybit
1749217253.0089526,BTC/USD,BUY,1,20294,dYdX
1749217253.0089526,BTC/USD,SELL,6,20296,FTX
1749217253.0089526,BTC/USD,SELL,1,20297,FTX
1749217253.0089526,BTC/USD,BUY,9,20307,Binance
1749217253.0089526,BTC/USD,SELL,0,20297,Binance
1749217253.0089526,BTC/USD,SELL,7,20293,Bybit
1749217253.0089526,BTC/USD,BUY,6,20285,Bybit
1749217253.0089526,BTC/USD,BUY,6,20276,dYdX
1749217253.0089526,BTC/USD,SELL,1,20281,Binance
1749217253.0089526,BTC/USD,SELL,4,20289,Binance
1749217253.0089526,BTC/USD,SELL,9,20294,Binance
1749217253.0089526,BTC/USD,SELL,8,20293,Binance
1749217253.0089526,BTC/USD,BUY,8,20299,dYdX
1749217253.0089526,BTC/USD,SELL,5,20298,Binance
1749217253.0089526,BTC/USD,SELL,7,20303,Binance
1749217253.0089526,BTC/USD,SELL,4,20311,FTX
1749217253.0089526,BTC/USD,BUY,3,20301,Binance
1749217253.0089526,BTC/USD,SELL,7,20296,dYdX
1749217253.0089526,BTC/USD,SELL,2,20288,dYdX
1749217253.0089526,BTC/USD,SELL,3,20291,dYdX
1749217253.0089526,BTC/USD,SELL,3,20293,dYdX
1749217253.0089526,BTC/USD,BUY,6,20283,Binance
1749217253.0089526,BTC/USD,SELL,3,20289,dYdX
1749217253.0089526,BTC/USD,SELL,3,20297,FTX
1749217253.0089526,BTC/USD,BUY,1,20290,dYdX
1749217253.0089526,BTC/USD,SELL,0,20299,Bybit
1749217253.0089526,BTC/USD,BUY,9,20292,Binance
1749217253.0089526,BTC/USD,SELL,2,20297,Bybit
1749217253.0089526,BTC/USD,BUY,4,20299,Bybit
1749217253.0089526,BTC/USD,SELL,7,20307,Bybit
1749217253.0089526,BTC/USD,BUY,8,20312,dYdX
1749217253.0089526,BTC/USD,SELL,9,20303,Binance
1749217253.0089526,BTC/USD,BUY,1,20293,dYdX
1749217253.0089526,BTC/USD,BUY,3,20301,Bybit
1749217253.0089526,BTC/USD,SELL,6,20304,dYdX
1749217253.0089526,BTC/USD,BUY,5,20295,FTX
1749217253.0089526,BTC/USD,BUY,9,20286,Bybit
1749217253.0089526,BTC/USD,BUY,2,20290,Binance
1749217253.0089526,BTC/USD,BUY,3,20297,Bybit
1749217253.0089526,BTC/USD,BUY,8,20302,FTX
1749217253.0089526,BTC/USD,SELL,5,20294,Binance
1749217253.0089526,BTC/USD,BUY,2,20299,Bybit
1749217253.0089526,BTC/USD,SELL,6,20289,dYdX
1749217253.0089526,BTC/USD,SELL,8,20288,dYdX
1749217253.0089526,BTC/USD,BUY,0,20297,Binance
1749217253.0089526,BTC/USD,SELL,8,20298,Binance
1749217253.0089526,BTC/USD,BUY,0,20302,dYdX
1749217253.0089526,BTC/USD,BUY,6,20299,Bybit
1749217253.0089526,BTC/USD,SELL,9,20303,FTX
1749217253.0089526,BTC/USD,BUY,1,20294,Binance
1749217253.0089526,BTC/USD,SELL,5,20292,Binance
1749217253.0089526,BTC/USD,SELL,5,20292,Binance
1749217253.0089526,BTC/USD,BUY,7,20283,Bybit
1749217253.0089526,BTC/USD,BUY,5,20273,FTX
1749217253.0089526,BTC/USD,SELL,1,20269,Binance
1749217253.0089526,BTC/USD,SELL,3,20262,dYdX
1749217253.0089526,BTC/USD,BUY,7,20264,dYdX
1749217253.0089526,BTC/USD,BUY,4,20267,Binance
1749217253.0089526,BTC/USD,BUY,6,20266,FTX
1749217253.0089526,BTC/USD,BUY,8,20275,Bybit
1749217253.0089526,BTC/USD,BUY,6,20270,FTX
1749217253.0089526,BTC/USD,BUY,6,20280,Bybit
1749217253.0089526,BTC/USD,SELL,3,20284,dYdX
1749217253.0089526,BTC/USD,SELL,8,20282,Bybit
1749217253.0089526,BTC/USD,SELL,6,20290,Bybit
1749217253.0089526,BTC/USD,BUY,7,20287,Bybit
1749217253.0089526,BTC/USD,SELL,9,20281,FTX
1749217253.0089526,BTC/USD,SELL,2,20273,FTX
1749217253.0089526,BTC/USD,BUY,4,20269,Bybit
1749217253.0089526,BTC/USD,SELL,6,20272,Bybit
1749217253.0089526,BTC/USD,SELL,8,20267,FTX
1749217253.0089526,BTC/USD,BUY,1,20267,Bybit
1749217253.0089526,BTC/USD,BUY,4,20259,Binance
1749217253.0089526,BTC/USD,BUY,9,20256,Binance
1749217253.0089526,BTC/USD,SELL,7,20254,FTX
1749217253.0089526,BTC/USD,BUY,7,20261,dYdX
1749217253.0089526,BTC/USD,SELL,4,20252,dYdX
1749217253.0089526,BTC/USD,SELL,3,20242,Bybit
1749217253.0089526,BTC/USD,BUY,0,20245,dYdX
1749217253.0089526,BTC/USD,SELL,9,20254,Bybit
1749217253.0089526,BTC/USD,SELL,6,20249,dYdX
1749217253.0089526,BTC/USD,BUY,5,20258,Binance
1749217253.0089526,BTC/USD,BUY,5,20266,Bybit
1749217253.0089526,BTC/USD,BUY,1,20272,Binance
1749217253.0089526,BTC/USD,BUY,8,20274,Binance
1749217253.0089526,BTC/USD,BUY,4,20271,FTX
1749217253.0089526,BTC/USD,SELL,3,20277,Binance
1749217253.0089526,BTC/USD,BUY,0,20273,Bybit
1749217253.0089526,BTC/USD,SELL,4,20269,dYdX
1749217253.0089526,BTC/USD,SELL,2,20279,FTX
1749217253.0089526,BTC/USD,BUY,2,20285,FTX
1749217253.0089526,BTC/USD,SELL,7,20292,Bybit
1749217253.0089526,BTC/USD,BUY,1,20298,Binance
1749217253.0089526,BTC/USD,BUY,1,20290,dYdX
1749217253.0089526,BTC/USD,SELL,7,20298,dYdX
1749217253.0089526,BTC/USD,SELL,8,20305,dYdX
1749217253.0089526,BTC/USD,BUY,7,20302,Bybit
1749217253.0089526,BTC/USD,SELL,7,20312,dYdX
1749217253.0089526,BTC/USD,SELL,7,20313,dYdX
1749217253.0089526,BTC/USD,BUY,4,20308,dYdX
1749217253.0089526,BTC/USD,BUY,8,20298,Bybit
1749217253.0089526,BTC/USD,BUY,9,20291,FTX
1749217253.0089526,BTC/USD,SELL,6,20284,Binance
1749217253.0089526,BTC/USD,SELL,3,20280,dYdX
1749217253.0089526,BTC/USD,SELL,4,20277,FTX
1749217253.0089526,BTC/USD,SELL,0,20281,FTX
1749217253.0089526,BTC/USD,BUY,4,20287,Binance
1749217253.0089526,BTC/USD,BUY,8,20286,dYdX
1749217253.0089526,BTC/USD,BUY,5,20294,Binance
1749217253.0089526,BTC/USD,SELL,7,20299,Bybit
1749217253.0089526,BTC/USD,SELL,0,20289,FTX
1749217253.0089526,BTC/USD,BUY,4,20289,FTX
1749217253.0089526,BTC/USD,SELL,0,20293,FTX
1749217253.0089526,BTC/USD,BUY,7,20287,Binance
1749217253.0089526,BTC/USD,BUY,3,20282,Binance
1749217253.0089526,BTC/USD,BUY,2,20275,FTX
1749217253.0089526,BTC/USD,BUY,1,20276,FTX
1749217253.0089526,BTC/USD,BUY,5,20283,Bybit
1749217253.0089526,BTC/USD,BUY,2,20291,FTX
1749217253.0089526,BTC/USD,BUY,5,20294,Binance
1749217253.0089526,BTC/USD,SELL,9,20294,Binance
1749217253.0089526,BTC/USD,SELL,5,20286,dYdX
1749217253.0089526,BTC/USD,SELL,0,20285,FTX
1749217253.0089526,BTC/USD,SELL,3,20280,dYdX
1749217253.0089526,BTC/USD,SELL,6,20287,Bybit
1749217253.0089526,BTC/USD,BUY,1,20286,dYdX
1749217253.0089526,BTC/USD,BUY,6,20277,Binance
1749217253.0089526,BTC/USD,BUY,1,20282,FTX
1749217253.0089526,BTC/USD,SELL,4,20273,Bybit
1749217253.0089526,BTC/USD,SELL,6,20282,dYdX
1749217253.0089526,BTC/USD,SELL,9,20272,Binance
1749217253.0089526,BTC/USD,SELL,9,20273,Bybit
1749217253.0089526,BTC/USD,SELL,3,20271,FTX
1749217253.0089526,BTC/USD,BUY,2,20263,dYdX
1749217253.0089526,BTC/USD,BUY,4,20260,dYdX
1749217253.0089526,BTC/USD,SELL,5,20269,dYdX
1749217253.0089526,BTC/USD,BUY,6,20259,Bybit
1749217253.0089526,BTC/USD,SELL,9,20259,FTX
1749217253.0089526,BTC/USD,SELL,8,20267,Bybit
1749217253.0089526,BTC/USD,BUY,6,20263,FTX
1749217253.0089526,BTC/USD,SELL,7,20273,Bybit
1749217253.0089526,BTC/USD,BUY,9,20275,dYdX
1749217253.0089526,BTC/USD,SELL,0,20276,dYdX
1749217253.0089526,BTC/USD,BUY,6,20277,FTX
1749217253.0089526,BTC/USD,BUY,8,20269,Binance
1749217253.0089526,BTC/USD,BUY,1,20275,FTX
1749217253.0089526,BTC/USD,BUY,0,20269,dYdX
1749217253.0089526,BTC/USD,SELL,2,20279,dYdX
1749217253.0089526,BTC/USD,SELL,3,20286,dYdX
1749217253.0089526,BTC/USD,SELL,0,20284,FTX
1749217253.0089526,BTC/USD,SELL,4,20285,FTX
1749217253.0089526,BTC/USD,SELL,4,20282,Bybit
1749217253.0089526,BTC/USD,BUY,7,20275,dYdX
1749217253.0089526,BTC/USD,SELL,6,20273,dYdX
1749217253.0089526,BTC/USD,SELL,8,20264,dYdX
1749217253.0089526,BTC/USD,SELL,0,20273,FTX
1749217253.0089526,BTC/USD,SELL,4,20280,Binance
1749217253.0089526,BTC/USD,SELL,7,20276,dYdX
1749217253.0089526,BTC/USD,SELL,0,20267,Binance
1749217253.0089526,BTC/USD,SELL,4,20257,Bybit
1749217253.0089526,BTC/USD,SELL,0,20267,FTX
1749217253.0089526,BTC/USD,SELL,9,20261,FTX
1749217253.0089526,BTC/USD,SELL,8,20266,dYdX
1749217253.0089526,BTC/USD,BUY,2,20260,Bybit
1749217253.0089526,BTC/USD,BUY,8,20264,dYdX
1749217253.0089526,BTC/USD,SELL,7,20256,dYdX
1749217253.0089526,BTC/USD,SELL,2,20265,dYdX
1749217253.0089526,BTC/USD,SELL,7,20266,Binance
1749217253.0089526,BTC/USD,SELL,6,20260,Binance
1749217253.0089526,BTC/USD,SELL,3,20268,Binance
1749217253.0089526,BTC/USD,SELL,2,20273,Bybit
1749217253.0089526,BTC/USD,SELL,3,20273,Binance
1749217253.0089526,BTC/USD,SELL,2,20283,Bybit
1749217253.0089526,BTC/USD,BUY,4,20276,Binance
1749217253.0089526,BTC/USD,BUY,2,20286,dYdX
1749217253.0089526,BTC/USD,SELL,5,20286,Bybit
1749217253.0089526,BTC/USD,SELL,6,20294,FTX
1749217253.0089526,BTC/USD,SELL,5,20302,Binance
1749217253.0089526,BTC/USD,SELL,6,20294,FTX
1749217253.0089526,BTC/USD,SELL,7,20294,Bybit
1749217253.0089526,BTC/USD,BUY,5,20298,Binance
1749217253.0089526,BTC/USD,BUY,4,20304,dYdX
1749217253.0089526,BTC/USD,SELL,3,20307,Binance
1749217253.0089526,BTC/USD,SELL,8,20298,Bybit
1749217253.0089526,BTC/USD,SELL,6,20293,FTX
1749217253.0089526,BTC/USD,SELL,8,20297,Bybit
1749217253.0089526,BTC/USD,BUY,8,20291,dYdX
1749217253.0089526,BTC/USD,SELL,3,20288,FTX
1749217253.0089526,BTC/USD,BUY,9,20278,Bybit
1749217253.0089526,BTC/USD,BUY,6,20281,dYdX
1749217253.0089526,BTC/USD,SELL,8,20284,dYdX
1749217253.0089526,BTC/USD,SELL,8,20278,Binance
1749217253.0089526,BTC/USD,SELL,2,20275,dYdX
1749217253.0089526,BTC/USD,SELL,0,20268,dYdX
1749217253.0089526,BTC/USD,BUY,9,20261,dYdX
1749217253.0089526,BTC/USD,SELL,4,20265,dYdX
1749217253.0089526,BTC/USD,SELL,0,20273,dYdX
1749217253.0089526,BTC/USD,SELL,7,20279,Bybit
1749217253.0089526,BTC/USD,SELL,2,20287,Binance
1749217253.0089526,BTC/USD,SELL,9,20290,FTX
1749217253.0089526,BTC/USD,SELL,8,20299,dYdX
1749217253.0089526,BTC/USD,SELL,0,20305,FTX
1749217253.0089526,BTC/USD,BUY,1,20313,Binance
1749217253.0089526,BTC/USD,BUY,0,20310,Bybit
1749217253.0089526,BTC/USD,SELL,2,20315,FTX
1749217253.0089526,BTC/USD,BUY,5,20307,Binance
1749217253.0089526,BTC/USD,BUY,3,20317,dYdX
1749217253.0089526,BTC/USD,BUY,1,20321,Bybit
1749217253.0089526,BTC/USD,SELL,6,20323,Bybit
1749217253.0089526,BTC/USD,BUY,9,20333,Bybit
1749217253.0089526,BTC/USD,SELL,5,20336,Binance
1749217253.0089526,BTC/USD,SELL,8,20336,Bybit
1749217253.0089526,BTC/USD,BUY,9,20331,Bybit
1749217253.0089526,BTC/USD,BUY,5,20337,FTX
1749217253.0089526,BTC/USD,SELL,4,20336,dYdX
1749217253.0089526,BTC/USD,SELL,2,20326,FTX
1749217253.0089526,BTC/USD,BUY,7,20328,Binance
1749217253.0089526,BTC/USD,BUY,2,20332,dYdX
1749217253.0089526,BTC/USD,SELL,1,20327,FTX
1749217253.0089526,BTC/USD,SELL,7,20334,FTX
1749217253.0089526,BTC/USD,BUY,8,20329,Binance
1749217253.0089526,BTC/USD,SELL,2,20321,Bybit
1749217253.0089526,BTC/USD,SELL,7,20322,FTX
1749217253.0089526,BTC/USD,SELL,6,20314,Bybit
1749217253.0089526,BTC/USD,BUY,6,20310,FTX
1749217253.0089526,BTC/USD,SELL,7,20314,Bybit
1749217253.0089526,BTC/USD,SELL,3,20319,Binance
1749217253.0089526,BTC/USD,SELL,6,20329,Bybit
1749217253.0089526,BTC/USD,BUY,6,20323,Binance
1749217253.0089526,BTC/USD,SELL,4,20333,dYdX
1749217253.0089526,BTC/USD,BUY,4,20335,dYdX
1749217253.0089526,BTC/USD,SELL,3,20342,dYdX
1749217253.0089526,BTC/USD,BUY,6,20335,Bybit
1749217253.0089526,BTC/USD,BUY,3,20330,FTX
1749217253.0089526,BTC/USD,SELL,6,20333,Bybit
1749217253.0089526,BTC/USD,SELL,2,20334,dYdX
1749217253.0089526,BTC/USD,BUY,3,20328,Binance
1749217253.0089526,BTC/USD,BUY,6,20330,dYdX
1749217253.0089526,BTC/USD,BUY,3,20323,FTX
1749217253.0089526,BTC/USD,BUY,6,20328,Binance
1749217253.0089526,BTC/USD,BUY,3,20337,Binance
1749217253.0089526,BTC/USD,BUY,4,20340,FTX
1749217253.0089526,BTC/USD,BUY,0,20334,dYdX
1749217253.0089526,BTC/USD,BUY,9,20325,Binance
1749217253.0089526,BTC/USD,SELL,1,20329,dYdX
1749217253.0089526,BTC/USD,SELL,4,20338,Binance
1749217253.0089526,BTC/USD,BUY,1,20348,Binance
1749217253.0089526,BTC/USD,SELL,5,20342,dYdX
1749217253.0089526,BTC/USD,SELL,3,20348,dYdX
1749217253.0089526,BTC/USD,SELL,2,20338,dYdX
1749217253.0089526,BTC/USD,SELL,5,20339,Binance
1749217253.0089526,BTC/USD,BUY,4,20329,Bybit
1749217253.0089526,BTC/USD,BUY,5,20334,FTX
1749217253.0089526,BTC/USD,BUY,3,20338,dYdX
1749217253.0089526,BTC/USD,SELL,3,20341,Bybit
1749217253.0089526,BTC/USD,BUY,7,20343,FTX
1749217253.0089526,BTC/USD,SELL,3,20334,Bybit
1749217253.0089526,BTC/USD,SELL,4,20333,dYdX
1749217253.0089526,BTC/USD,SELL,3,20326,dYdX
1749217253.0089526,BTC/USD,SELL,5,20330,Binance
1749217253.0089526,BTC/USD,SELL,9,20335,dYdX
1749217253.0089526,BTC/USD,SELL,8,20334,Bybit
1749217253.0089526,BTC/USD,BUY,2,20325,dYdX
1749217253.0089526,BTC/USD,SELL,0,20334,Binance
1749217253.0089526,BTC/USD,BUY,9,20344,Bybit
1749217253.0089526,BTC/USD,SELL,8,20352,dYdX
1749217253.0089526,BTC/USD,BUY,7,20352,Bybit
1749217253.0089526,BTC/USD,BUY,6,20342,Binance
1749217253.0089526,BTC/USD,BUY,4,20343,dYdX
1749217253.0089526,BTC/USD,BUY,7,20341,Bybit
1749217253.0089526,BTC/USD,BUY,6,20334,FTX
1749217253.0089526,BTC/USD,SELL,0,20335,FTX
1749217253.0089526,BTC/USD,SELL,5,20334,dYdX
1749217253.0089526,BTC/USD,SELL,3,20334,Binance
1749217253.0089526,BTC/USD,SELL,9,20342,dYdX
1749217253.0089526,BTC/USD,SELL,8,20334,Binance
1749217253.0089526,BTC/USD,SELL,6,20343,Binance
1749217253.0089526,BTC/USD,BUY,9,20333,dYdX
1749217253.0089526,BTC/USD,SELL,4,20336,dYdX
1749217253.0089526,BTC/USD,SELL,2,20332,Bybit
1749217253.0089526,BTC/USD,BUY,4,20337,Bybit
1749217253.0089526,BTC/USD,BUY,3,20340,FTX
1749217253.0089526,BTC/USD,SELL,0,20338,dYdX
1749217253.0089526,BTC/USD,SELL,5,20336,Binance
1749217253.0089526,BTC/USD,BUY,2,20342,dYdX
1749217253.0089526,BTC/USD,BUY,9,20341,Binance
1749217253.0089526,BTC/USD,SELL,2,20337,dYdX
1749217253.0089526,BTC/USD,SELL,0,20340,Binance
1749217253.0089526,BTC/USD,BUY,1,20340,Binance
1749217253.0089526,BTC/USD,SELL,1,20349,FTX
1749217253.0089526,BTC/USD,SELL,4,20339,Bybit
1749217253.0089526,BTC/USD,BUY,9,20348,Bybit
1749217253.0089526,BTC/USD,SELL,1,20343,dYdX
1749217253.0089526,BTC/USD,SELL,2,20347,Bybit
1749217253.0089526,BTC/USD,BUY,3,20352,Binance
1749217253.0089526,BTC/USD,BUY,0,20343,Bybit
1749217253.0089526,BTC/USD,BUY,4,20346,Bybit
1749217253.0089526,BTC/USD,SELL,6,20337,FTX
1749217253.0089526,BTC/USD,BUY,7,20329,FTX
1749217253.0089526,BTC/USD,SELL,3,20331,Binance
1749217253.0089526,BTC/USD,BUY,8,20337,Bybit
1749217253.0089526,BTC/USD,SELL,4,20333,Bybit
1749217253.0089526,BTC/USD,BUY,6,20343,Binance
1749217253.0089526,BTC/USD,BUY,9,20333,dYdX
1749217253.0089526,BTC/USD,SELL,4,20343,dYdX
1749217253.0089526,BTC/USD,BUY,4,20336,FTX
1749217253.0089526,BTC/USD,SELL,9,20332,FTX
1749217253.0089526,BTC/USD,BUY,6,20333,FTX
1749217253.0089526,BTC/USD,SELL,9,20330,dYdX
1749217253.0089526,BTC/USD,SELL,4,20336,Binance
1749217253.0089526,BTC/USD,BUY,7,20331,dYdX
1749217253.0089526,BTC/USD,SELL,7,20333,Bybit
1749217253.0089526,BTC/USD,SELL,8,20328,dYdX
1749217253.0089526,BTC/USD,BUY,8,20327,Bybit
1749217253.0089526,BTC/USD,BUY,8,20320,dYdX
1749217253.0089526,BTC/USD,BUY,5,20322,Bybit
1749217253.0089526,BTC/USD,SELL,9,20326,Bybit
1749217253.0089526,BTC/USD,SELL,1,20331,dYdX
1749217253.0089526,BTC/USD,BUY,2,20325,FTX
1749217253.0089526,BTC/USD,SELL,2,20321,Bybit
1749217253.0089526,BTC/USD,BUY,4,20321,FTX
1749217253.0089526,BTC/USD,BUY,4,20321,Binance
1749217253.0089526,BTC/USD,BUY,5,20326,Bybit
1749217253.0089526,BTC/USD,SELL,4,20330,dYdX
1749217253.0089526,BTC/USD,BUY,4,20340,dYdX
1749217253.0089526,BTC/USD,SELL,1,20342,Bybit
1749217253.0089526,BTC/USD,BUY,6,20343,Binance
1749217253.0089526,BTC/USD,BUY,6,20350,dYdX
1749217253.0089526,BTC/USD,BUY,9,20350,Bybit
1749217253.0089526,BTC/USD,BUY,2,20360,Bybit
1749217253.0089526,BTC/USD,SELL,2,20355,Bybit
1749217253.0089526,BTC/USD,SELL,5,20359,Binance
1749217253.0089526,BTC/USD,SELL,8,20358,dYdX
1749217253.0089526,BTC/USD,BUY,5,20354,FTX
1749217253.0089526,BTC/USD,BUY,9,20361,FTX
1749217253.0089526,BTC/USD,SELL,1,20351,FTX
1749217253.0089526,BTC/USD,SELL,5,20352,FTX
1749217253.0089526,BTC/USD,BUY,6,20357,Bybit
1749217253.0089526,BTC/USD,BUY,4,20364,Bybit
1749217253.0089526,BTC/USD,BUY,3,20362,Bybit
1749217253.0089526,BTC/USD,SELL,1,20368,Bybit
1749217253.0089526,BTC/USD,SELL,8,20360,dYdX
1749217253.0089526,BTC/USD,BUY,3,20351,FTX
1749217253.0089526,BTC/USD,SELL,3,20355,FTX
1749217253.0089526,BTC/USD,BUY,8,20346,dYdX
1749217253.0089526,BTC/USD,SELL,1,20340,Bybit
1749217253.0089526,BTC/USD,SELL,9,20340,dYdX
1749217253.0089526,BTC/USD,SELL,3,20340,Bybit
1749217253.0089526,BTC/USD,SELL,8,20350,FTX
1749217253.0089526,BTC/USD,SELL,7,20346,dYdX
1749217253.0089526,BTC/USD,SELL,4,20346,Binance
1749217253.0089526,BTC/USD,SELL,4,20336,Binance
1749217253.0089526,BTC/USD,BUY,3,20332,Bybit
1749217253.0089526,BTC/USD,BUY,9,20332,Bybit
1749217253.0089526,BTC/USD,BUY,0,20327,dYdX
1749217253.0089526,BTC/USD,BUY,5,20336,FTX
1749217253.0089526,BTC/USD,BUY,5,20329,FTX
1749217253.0089526,BTC/USD,SELL,9,20324,dYdX
1749217253.0089526,BTC/USD,BUY,0,20320,FTX
1749217253.0089526,BTC/USD,BUY,7,20319,Binance
1749217253.0089526,BTC/USD,SELL,2,20309,FTX
1749217253.0089526,BTC/USD,SELL,0,20306,Binance
1749217253.0089526,BTC/USD,BUY,8,20301,Bybit
1749217253.0089526,BTC/USD,BUY,3,20299,Binance
1749217253.0089526,BTC/USD,SELL,3,20292,Bybit
1749217253.0089526,BTC/USD,SELL,7,20302,FTX
1749217253.0089526,BTC/USD,BUY,1,20295,Binance
1749217253.0089526,BTC/USD,SELL,1,20287,FTX
1749217253.0089526,BTC/USD,BUY,5,20296,dYdX
1749217253.0089526,BTC/USD,SELL,7,20290,FTX
1749217253.0089526,BTC/USD,BUY,5,20298,FTX
1749217253.0089526,BTC/USD,BUY,5,20295,Binance
1749217253.0089526,BTC/USD,BUY,1,20305,FTX
1749217253.0089526,BTC/USD,SELL,1,20305,Bybit
1749217253.0089526,BTC/USD,SELL,4,20310,dYdX
1749217253.0089526,BTC/USD,SELL,0,20315,FTX
1749217253.0089526,BTC/USD,SELL,9,20321,Bybit
1749217253.0089526,BTC/USD,BUY,1,20321,Binance
1749217253.0089526,BTC/USD,BUY,0,20314,dYdX
1749217253.0089526,BTC/USD,BUY,6,20305,dYdX
1749217253.0089526,BTC/USD,BUY,2,20307,Binance
1749217253.0089526,BTC/USD,BUY,2,20316,FTX
1749217253.0089526,BTC/USD,SELL,1,20320,dYdX
1749217253.0089526,BTC/USD,BUY,2,20318,dYdX
1749217253.0089526,BTC/USD,SELL,7,20316,Binance
1749217253.0089526,BTC/USD,SELL,1,20323,dYdX
1749217253.0089526,BTC/USD,SELL,2,20327,Binance
1749217253.0089526,BTC/USD,SELL,6,20333,Bybit
1749217253.0089526,BTC/USD,SELL,2,20339,Binance
1749217253.0089526,BTC/USD,SELL,9,20332,FTX
1749217253.0089526,BTC/USD,SELL,1,20333,Binance
1749217253.0089526,BTC/USD,SELL,3,20330,Bybit
1749217253.0089526,BTC/USD,SELL,8,20340,Bybit
1749217253.0089526,BTC/USD,SELL,0,20346,dYdX
1749217253.0089526,BTC/USD,BUY,7,20356,Bybit
1749217253.0089526,BTC/USD,SELL,7,20349,FTX
1749217253.0089526,BTC/USD,BUY,5,20352,Binance
1749217253.0089526,BTC/USD,BUY,0,20359,Binance
1749217253.0089526,BTC/USD,SELL,9,20363,Binance
1749217253.0089526,BTC/USD,SELL,2,20364,dYdX
1749217253.0089526,BTC/USD,SELL,5,20354,Bybit
1749217253.0089526,BTC/USD,SELL,3,20363,Binance
1749217253.0089526,BTC/USD,BUY,5,20354,FTX
1749217253.0089526,BTC/USD,SELL,9,20348,Binance
1749217253.0089526,BTC/USD,SELL,3,20347,FTX
1749217253.0089526,BTC/USD,SELL,1,20340,dYdX
1749217253.0089526,BTC/USD,SELL,2,20343,dYdX
1749217253.0089526,BTC/USD,SELL,4,20348,Bybit
1749217253.0089526,BTC/USD,SELL,8,20354,Bybit
1749217253.0089526,BTC/USD,SELL,9,20354,FTX
1749217253.0089526,BTC/USD,SELL,3,20359,Binance
1749217253.0089526,BTC/USD,SELL,8,20362,Binance
1749217253.0089526,BTC/USD,BUY,6,20372,Bybit
1749217253.0089526,BTC/USD,SELL,4,20375,Bybit
1749217253.0089526,BTC/USD,SELL,8,20372,FTX
1749217253.0089526,BTC/USD,BUY,2,20377,Binance
1749217253.0089526,BTC/USD,SELL,2,20370,Binance
1749217253.0089526,BTC/USD,SELL,4,20368,Binance
1749217253.0089526,BTC/USD,BUY,0,20376,FTX
1749217253.0089526,BTC/USD,SELL,0,20376,FTX
1749217253.0089526,BTC/USD,BUY,4,20374,Binance
1749217253.0089526,BTC/USD,BUY,3,20383,FTX
1749217253.0089526,BTC/USD,BUY,7,20380,Bybit
1749217253.0089526,BTC/USD,BUY,8,20370,Binance
1749217253.0089526,BTC/USD,BUY,0,20373,Bybit
1749217253.0089526,BTC/USD,SELL,1,20377,dYdX
1749217253.0089526,BTC/USD,BUY,9,20369,FTX
1749217253.0089526,BTC/USD,SELL,8,20368,FTX
1749217253.0089526,BTC/USD,BUY,0,20363,Binance
1749217253.0089526,BTC/USD,BUY,2,20355,FTX
1749217253.0089526,BTC/USD,BUY,1,20357,Binance
1749217253.0089526,BTC/USD,SELL,4,20365,dYdX
1749217253.0089526,BTC/USD,SELL,5,20357,Bybit
1749217253.0089526,BTC/USD,SELL,1,20367,Bybit
1749217253.0089526,BTC/USD,SELL,2,20375,Bybit
1749217253.0089526,BTC/USD,BUY,4,20373,Binance
1749217253.0089526,BTC/USD,BUY,9,20376,Bybit
1749217253.0089526,BTC/USD,BUY,9,20367,dYdX
1749217253.0089526,BTC/USD,BUY,1,20357,Bybit
1749217253.0089526,BTC/USD,SELL,1,20353,FTX
1749217253.0089526,BTC/USD,SELL,7,20343,Bybit
1749217253.0089526,BTC/USD,SELL,2,20353,FTX
1749217253.0089526,BTC/USD,BUY,4,20344,dYdX
1749217253.0089526,BTC/USD,SELL,2,20335,dYdX
1749217253.0099525,BTC/USD,SELL,5,20344,dYdX
1749217253.0099525,BTC/USD,BUY,8,20338,Binance
1749217253.0099525,BTC/USD,BUY,9,20345,dYdX
1749217253.0099525,BTC/USD,SELL,5,20349,FTX
1749217253.0099525,BTC/USD,SELL,0,20355,FTX
1749217253.0099525,BTC/USD,SELL,1,20351,dYdX
1749217253.0099525,BTC/USD,BUY,9,20355,dYdX
1749217253.0099525,BTC/USD,SELL,0,20351,FTX
1749217253.0099525,BTC/USD,SELL,4,20358,dYdX
1749217253.0099525,BTC/USD,SELL,4,20363,Binance
1749217253.0099525,BTC/USD,BUY,9,20369,Bybit
1749217253.0099525,BTC/USD,SELL,0,20377,Binance
1749217253.0099525,BTC/USD,BUY,1,20372,dYdX
1749217253.0099525,BTC/USD,SELL,7,20378,Bybit
1749217253.0099525,BTC/USD,BUY,9,20384,Binance
1749217253.0099525,BTC/USD,SELL,4,20378,FTX
1749217253.0099525,BTC/USD,SELL,9,20383,Binance
1749217253.0099525,BTC/USD,BUY,9,20379,FTX
1749217253.0099525,BTC/USD,BUY,4,20378,FTX
1749217253.0099525,BTC/USD,SELL,2,20382,FTX
1749217253.0099525,BTC/USD,SELL,8,20373,Binance
1749217253.0099525,BTC/USD,SELL,9,20366,FTX
1749217253.0099525,BTC/USD,SELL,4,20362,Binance
1749217253.0099525,BTC/USD,BUY,0,20356,Bybit
1749217253.0099525,BTC/USD,BUY,8,20358,Bybit
1749217253.0099525,BTC/USD,SELL,3,20360,FTX
1749217253.0099525,BTC/USD,SELL,9,20362,Binance
1749217253.0099525,BTC/USD,SELL,0,20357,FTX
1749217253.0099525,BTC/USD,BUY,1,20360,Bybit
1749217253.0099525,BTC/USD,SELL,5,20357,Bybit
1749217253.0099525,BTC/USD,SELL,8,20360,Bybit
1749217253.0099525,BTC/USD,SELL,0,20350,dYdX
1749217253.0099525,BTC/USD,SELL,8,20356,dYdX
1749217253.0099525,BTC/USD,SELL,1,20348,Binance
1749217253.0099525,BTC/USD,BUY,1,20341,dYdX
1749217253.0099525,BTC/USD,BUY,4,20350,Bybit
1749217253.0099525,BTC/USD,SELL,5,20341,Bybit
1749217253.0099525,BTC/USD,SELL,9,20331,FTX
1749217253.0099525,BTC/USD,BUY,4,20325,Bybit
1749217253.0099525,BTC/USD,BUY,7,20328,FTX
1749217253.0099525,BTC/USD,SELL,8,20327,FTX
1749217253.0099525,BTC/USD,SELL,4,20326,Bybit
1749217253.0099525,BTC/USD,SELL,3,20325,Bybit
1749217253.0099525,BTC/USD,SELL,7,20323,FTX
1749217253.0099525,BTC/USD,BUY,7,20317,dYdX
1749217253.0099525,BTC/USD,SELL,7,20323,FTX
1749217253.0099525,BTC/USD,SELL,5,20323,Binance
1749217253.0099525,BTC/USD,BUY,9,20318,dYdX
1749217253.0099525,BTC/USD,SELL,3,20321,Bybit
1749217253.0099525,BTC/USD,BUY,4,20324,Bybit
1749217253.0099525,BTC/USD,BUY,5,20328,FTX
1749217253.0099525,BTC/USD,BUY,7,20322,Binance
1749217253.0099525,BTC/USD,SELL,1,20315,dYdX
1749217253.0099525,BTC/USD,BUY,9,20309,FTX
1749217253.0099525,BTC/USD,SELL,7,20307,FTX
1749217253.0099525,BTC/USD,BUY,6,20310,Bybit
1749217253.0099525,BTC/USD,BUY,5,20309,FTX
1749217253.0099525,BTC/USD,SELL,5,20316,FTX
1749217253.0099525,BTC/USD,SELL,7,20313,dYdX
1749217253.0099525,BTC/USD,SELL,8,20307,Binance
1749217253.0099525,BTC/USD,BUY,1,20309,dYdX
1749217253.0099525,BTC/USD,SELL,7,20300,FTX
1749217253.0099525,BTC/USD,BUY,1,20290,dYdX
1749217253.0099525,BTC/USD,SELL,9,20299,FTX
1749217253.0099525,BTC/USD,BUY,7,20304,dYdX
1749217253.0099525,BTC/USD,SELL,9,20294,dYdX
1749217253.0099525,BTC/USD,BUY,2,20288,Bybit
1749217253.0099525,BTC/USD,BUY,9,20283,Binance
1749217253.0099525,BTC/USD,BUY,6,20274,Bybit
1749217253.0099525,BTC/USD,SELL,7,20276,Binance
1749217253.0099525,BTC/USD,BUY,2,20266,Binance
1749217253.0099525,BTC/USD,BUY,1,20259,dYdX
1749217253.0099525,BTC/USD,BUY,0,20261,dYdX
1749217253.0099525,BTC/USD,BUY,6,20266,Bybit
1749217253.0099525,BTC/USD,BUY,4,20263,dYdX
1749217253.0099525,BTC/USD,SELL,3,20258,dYdX
1749217253.0099525,BTC/USD,BUY,0,20254,dYdX
1749217253.0099525,BTC/USD,SELL,8,20257,FTX
1749217253.0099525,BTC/USD,SELL,2,20267,dYdX
1749217253.0099525,BTC/USD,SELL,8,20277,dYdX
1749217253.0099525,BTC/USD,BUY,0,20281,dYdX
1749217253.0099525,BTC/USD,SELL,6,20271,FTX
1749217253.0099525,BTC/USD,BUY,2,20275,Binance
1749217253.0099525,BTC/USD,SELL,9,20279,Binance
1749217253.0099525,BTC/USD,SELL,3,20271,FTX
1749217253.0099525,BTC/USD,BUY,1,20281,FTX
1749217253.0099525,BTC/USD,BUY,8,20274,dYdX
1749217253.0099525,BTC/USD,SELL,0,20267,dYdX
1749217253.0099525,BTC/USD,SELL,7,20264,Bybit
1749217253.0099525,BTC/USD,BUY,2,20263,dYdX
1749217253.0099525,BTC/USD,SELL,4,20263,Bybit
1749217253.0099525,BTC/USD,BUY,4,20268,Binance
1749217253.0099525,BTC/USD,BUY,6,20272,FTX
1749217253.0099525,BTC/USD,SELL,2,20273,FTX
1749217253.0099525,BTC/USD,BUY,8,20270,Binance
1749217253.0099525,BTC/USD,BUY,2,20279,dYdX
1749217253.0099525,BTC/USD,BUY,5,20277,FTX
1749217253.0099525,BTC/USD,SELL,3,20268,Bybit
1749217253.0099525,BTC/USD,SELL,7,20258,dYdX
1749217253.0099525,BTC/USD,BUY,7,20255,dYdX
1749217253.0099525,BTC/USD,BUY,4,20251,dYdX
1749217253.0099525,BTC/USD,BUY,5,20253,Bybit
1749217253.0099525,BTC/USD,SELL,9,20263,Bybit
1749217253.0099525,BTC/USD,SELL,9,20258,FTX
1749217253.0099525,BTC/USD,BUY,2,20264,Binance
1749217253.0099525,BTC/USD,BUY,2,20268,Binance
1749217253.0099525,BTC/USD,SELL,3,20258,FTX
1749217253.0099525,BTC/USD,BUY,2,20256,Binance
1749217253.0099525,BTC/USD,BUY,4,20248,dYdX
1749217253.0099525,BTC/USD,BUY,8,20244,dYdX
1749217253.0099525,BTC/USD,BUY,6,20246,Binance
1749217253.0099525,BTC/USD,SELL,4,20239,FTX
1749217253.0099525,BTC/USD,BUY,6,20237,FTX
1749217253.0099525,BTC/USD,SELL,8,20236,Binance
1749217253.0099525,BTC/USD,BUY,1,20228,FTX
1749217253.0099525,BTC/USD,SELL,1,20229,dYdX
1749217253.0099525,BTC/USD,BUY,3,20235,Bybit
1749217253.0099525,BTC/USD,SELL,4,20238,dYdX
1749217253.0099525,BTC/USD,BUY,4,20238,dYdX
1749217253.0099525,BTC/USD,BUY,2,20240,FTX
1749217253.0099525,BTC/USD,BUY,5,20240,dYdX
1749217253.0099525,BTC/USD,BUY,8,20239,FTX
1749217253.0099525,BTC/USD,BUY,9,20237,Bybit
1749217253.0099525,BTC/USD,BUY,2,20230,Binance
1749217253.0099525,BTC/USD,SELL,9,20223,Bybit
1749217253.0099525,BTC/USD,BUY,9,20220,dYdX
1749217253.0099525,BTC/USD,SELL,6,20222,Bybit
1749217253.0099525,BTC/USD,SELL,9,20223,Binance
1749217253.0099525,BTC/USD,SELL,5,20215,FTX
1749217253.0099525,BTC/USD,SELL,1,20209,Binance
1749217253.0099525,BTC/USD,BUY,9,20210,dYdX
1749217253.0099525,BTC/USD,BUY,5,20204,Binance
1749217253.0099525,BTC/USD,SELL,6,20204,Bybit
1749217253.0099525,BTC/USD,BUY,5,20198,Binance
1749217253.0099525,BTC/USD,BUY,4,20200,dYdX
1749217253.0099525,BTC/USD,SELL,6,20195,Binance
1749217253.0099525,BTC/USD,SELL,8,20189,FTX
1749217253.0099525,BTC/USD,BUY,1,20194,dYdX
1749217253.0099525,BTC/USD,SELL,6,20187,Bybit
1749217253.0099525,BTC/USD,BUY,3,20187,FTX
1749217253.0099525,BTC/USD,SELL,1,20194,dYdX
1749217253.0099525,BTC/USD,SELL,1,20186,Binance
1749217253.0099525,BTC/USD,BUY,7,20177,dYdX
1749217253.0099525,BTC/USD,BUY,6,20184,FTX
1749217253.0099525,BTC/USD,BUY,1,20183,FTX
1749217253.0099525,BTC/USD,SELL,7,20180,FTX
1749217253.0099525,BTC/USD,BUY,3,20176,FTX
1749217253.0099525,BTC/USD,SELL,7,20171,dYdX
1749217253.0099525,BTC/USD,SELL,5,20169,Binance
1749217253.0099525,BTC/USD,SELL,4,20178,FTX
1749217253.0099525,BTC/USD,SELL,0,20170,FTX
1749217253.0099525,BTC/USD,SELL,8,20178,dYdX
1749217253.0099525,BTC/USD,SELL,3,20187,Binance
1749217253.0099525,BTC/USD,SELL,2,20186,Bybit
1749217253.0099525,BTC/USD,BUY,9,20183,Bybit
1749217253.0099525,BTC/USD,SELL,6,20190,Binance
1749217253.0099525,BTC/USD,BUY,4,20193,Binance
1749217253.0099525,BTC/USD,BUY,4,20201,dYdX
1749217253.0099525,BTC/USD,SELL,8,20201,dYdX
1749217253.0099525,BTC/USD,SELL,2,20211,dYdX
1749217253.0099525,BTC/USD,SELL,7,20210,FTX
1749217253.0099525,BTC/USD,BUY,8,20203,dYdX
1749217253.0099525,BTC/USD,BUY,1,20204,FTX
1749217253.0099525,BTC/USD,SELL,9,20198,Binance
1749217253.0099525,BTC/USD,SELL,4,20204,Binance
1749217253.0099525,BTC/USD,SELL,3,20207,Bybit
1749217253.0099525,BTC/USD,SELL,8,20197,Binance
1749217253.0099525,BTC/USD,SELL,8,20191,Bybit
1749217253.0099525,BTC/USD,SELL,3,20181,FTX
1749217253.0099525,BTC/USD,SELL,5,20187,Binance
1749217253.0099525,BTC/USD,SELL,3,20187,Bybit
1749217253.0099525,BTC/USD,BUY,0,20180,FTX
1749217253.0099525,BTC/USD,BUY,0,20181,dYdX
1749217253.0099525,BTC/USD,BUY,6,20188,dYdX
1749217253.0099525,BTC/USD,BUY,9,20198,Bybit
1749217253.0099525,BTC/USD,BUY,1,20191,dYdX
1749217253.0099525,BTC/USD,BUY,5,20199,Bybit
1749217253.0099525,BTC/USD,BUY,3,20196,Binance
1749217253.0099525,BTC/USD,BUY,7,20189,dYdX
1749217253.0099525,BTC/USD,BUY,5,20184,Binance
1749217253.0099525,BTC/USD,SELL,6,20190,Binance
1749217253.0099525,BTC/USD,BUY,9,20199,Binance
1749217253.0099525,BTC/USD,BUY,4,20192,FTX
1749217253.0099525,BTC/USD,SELL,3,20191,FTX
1749217253.0099525,BTC/USD,SELL,0,20188,Bybit
1749217253.0099525,BTC/USD,SELL,1,20194,dYdX
1749217253.0099525,BTC/USD,SELL,1,20191,Bybit
1749217253.0099525,BTC/USD,BUY,2,20187,Binance
1749217253.0099525,BTC/USD,SELL,0,20197,FTX
1749217253.0099525,BTC/USD,BUY,3,20204,FTX
1749217253.0099525,BTC/USD,BUY,9,20203,Bybit
1749217253.0099525,BTC/USD,SELL,9,20207,Bybit
1749217253.0099525,BTC/USD,BUY,4,20201,Binance
1749217253.0099525,BTC/USD,BUY,3,20192,Binance
1749217253.0099525,BTC/USD,SELL,9,20183,FTX
1749217253.0099525,BTC/USD,BUY,0,20176,Bybit
1749217253.0099525,BTC/USD,SELL,5,20173,FTX
1749217253.0099525,BTC/USD,SELL,9,20167,Binance
1749217253.0099525,BTC/USD,SELL,9,20170,FTX
1749217253.0099525,BTC/USD,SELL,5,20176,Binance
1749217253.0099525,BTC/USD,BUY,2,20186,FTX
1749217253.0099525,BTC/USD,SELL,1,20189,Bybit
1749217253.0099525,BTC/USD,SELL,2,20199,Bybit
1749217253.0099525,BTC/USD,SELL,0,20192,Bybit
1749217253.0099525,BTC/USD,SELL,2,20188,FTX
1749217253.0099525,BTC/USD,SELL,9,20183,Bybit
1749217253.0099525,BTC/USD,SELL,6,20192,Binance
1749217253.0099525,BTC/USD,BUY,2,20200,Binance
1749217253.0099525,BTC/USD,SELL,9,20198,dYdX
1749217253.0099525,BTC/USD,SELL,0,20202,dYdX
1749217253.0099525,BTC/USD,BUY,4,20195,Binance
1749217253.0099525,BTC/USD,BUY,8,20204,Binance
1749217253.0099525,BTC/USD,BUY,4,20203,Binance
1749217253.0099525,BTC/USD,SELL,9,20209,Bybit
1749217253.0099525,BTC/USD,SELL,5,20209,dYdX
1749217253.0099525,BTC/USD,SELL,8,20219,dYdX
1749217253.0099525,BTC/USD,SELL,2,20227,dYdX
1749217253.0099525,BTC/USD,BUY,9,20227,FTX
1749217253.0099525,BTC/USD,SELL,1,20227,dYdX
1749217253.0099525,BTC/USD,SELL,2,20224,FTX
1749217253.0099525,BTC/USD,SELL,8,20234,Bybit
1749217253.0099525,BTC/USD,BUY,7,20242,Binance
1749217253.0099525,BTC/USD,BUY,9,20241,Bybit
1749217253.0099525,BTC/USD,SELL,7,20244,Bybit
1749217253.0099525,BTC/USD,BUY,8,20253,FTX
1749217253.0099525,BTC/USD,SELL,3,20260,Binance
1749217253.0099525,BTC/USD,SELL,7,20263,dYdX
1749217253.0099525,BTC/USD,BUY,3,20265,dYdX
1749217253.0099525,BTC/USD,SELL,0,20269,dYdX
1749217253.0099525,BTC/USD,BUY,7,20262,FTX
1749217253.0099525,BTC/USD,BUY,6,20262,Binance
1749217253.0099525,BTC/USD,SELL,6,20270,dYdX
1749217253.0099525,BTC/USD,BUY,0,20260,Binance
1749217253.0099525,BTC/USD,SELL,2,20250,Bybit
1749217253.0099525,BTC/USD,BUY,1,20258,FTX
1749217253.0099525,BTC/USD,BUY,2,20254,FTX
1749217253.0099525,BTC/USD,SELL,6,20248,dYdX
1749217253.0099525,BTC/USD,BUY,2,20252,Bybit
1749217253.0099525,BTC/USD,BUY,0,20253,FTX
1749217253.0099525,BTC/USD,BUY,7,20243,Binance
1749217253.0099525,BTC/USD,SELL,7,20252,Binance
1749217253.0099525,BTC/USD,SELL,7,20247,Binance
1749217253.0099525,BTC/USD,SELL,2,20250,FTX
1749217253.0099525,BTC/USD,BUY,5,20250,Bybit
1749217253.0099525,BTC/USD,BUY,6,20241,Binance
1749217253.0099525,BTC/USD,BUY,2,20248,Bybit
1749217253.0099525,BTC/USD,BUY,0,20243,Bybit
1749217253.0099525,BTC/USD,SELL,4,20240,Binance
1749217253.0099525,BTC/USD,SELL,1,20248,dYdX
1749217253.0099525,BTC/USD,BUY,4,20253,Bybit
1749217253.0099525,BTC/USD,BUY,4,20248,Bybit
1749217253.0099525,BTC/USD,BUY,8,20254,Binance
1749217253.0099525,BTC/USD,BUY,3,20255,Binance
1749217253.0099525,BTC/USD,BUY,1,20264,Binance
1749217253.0099525,BTC/USD,SELL,2,20269,dYdX
1749217253.0099525,BTC/USD,SELL,2,20261,Binance
1749217253.0099525,BTC/USD,SELL,3,20263,Binance
1749217253.0099525,BTC/USD,BUY,7,20261,Bybit
1749217253.0099525,BTC/USD,SELL,1,20267,Bybit
1749217253.0099525,BTC/USD,SELL,6,20269,Bybit
1749217253.0099525,BTC/USD,BUY,5,20267,FTX
1749217253.0099525,BTC/USD,SELL,4,20273,Binance
1749217253.0099525,BTC/USD,SELL,9,20282,Binance
1749217253.0099525,BTC/USD,BUY,5,20290,FTX
1749217253.0099525,BTC/USD,SELL,9,20299,dYdX
1749217253.0099525,BTC/USD,SELL,7,20306,Binance
1749217253.0099525,BTC/USD,SELL,8,20297,Bybit
1749217253.0099525,BTC/USD,BUY,8,20304,FTX
1749217253.0099525,BTC/USD,SELL,8,20296,Bybit
1749217253.0099525,BTC/USD,BUY,7,20286,Bybit
1749217253.0099525,BTC/USD,SELL,5,20281,Bybit
1749217253.0099525,BTC/USD,BUY,6,20279,Binance
1749217253.0099525,BTC/USD,BUY,8,20273,FTX
1749217253.0099525,BTC/USD,SELL,7,20272,Bybit
1749217253.0099525,BTC/USD,SELL,5,20274,FTX
1749217253.0099525,BTC/USD,BUY,6,20282,Binance
1749217253.0099525,BTC/USD,SELL,3,20272,Binance
1749217253.0099525,BTC/USD,BUY,7,20282,Bybit
1749217253.0099525,BTC/USD,SELL,5,20277,Bybit
1749217253.0099525,BTC/USD,SELL,3,20281,Binance
1749217253.0099525,BTC/USD,BUY,7,20272,FTX
1749217253.0099525,BTC/USD,SELL,9,20262,Binance
1749217253.0099525,BTC/USD,BUY,0,20270,dYdX
1749217253.0099525,BTC/USD,SELL,5,20264,FTX
1749217253.0099525,BTC/USD,BUY,5,20255,dYdX
1749217253.0099525,BTC/USD,BUY,1,20260,Binance
1749217253.0099525,BTC/USD,SELL,8,20261,dYdX
1749217253.0099525,BTC/USD,SELL,8,20259,dYdX
1749217253.0099525,BTC/USD,BUY,0,20256,Binance
1749217253.0099525,BTC/USD,SELL,5,20250,dYdX
1749217253.0099525,BTC/USD,SELL,7,20248,Bybit
1749217253.0099525,BTC/USD,BUY,3,20252,FTX
1749217253.0099525,BTC/USD,SELL,1,20248,dYdX
1749217253.0099525,BTC/USD,SELL,7,20253,Binance
1749217253.0099525,BTC/USD,SELL,0,20262,dYdX
1749217253.0099525,BTC/USD,SELL,3,20266,dYdX
1749217253.0099525,BTC/USD,SELL,8,20256,dYdX
1749217253.0099525,BTC/USD,BUY,1,20252,Binance
1749217253.0099525,BTC/USD,SELL,5,20251,Bybit
1749217253.0099525,BTC/USD,SELL,6,20242,Bybit
1749217253.0099525,BTC/USD,BUY,9,20238,FTX
1749217253.0099525,BTC/USD,SELL,9,20241,Binance
1749217253.0099525,BTC/USD,SELL,4,20245,FTX
1749217253.0099525,BTC/USD,SELL,9,20242,dYdX
1749217253.0099525,BTC/USD,SELL,0,20252,FTX
1749217253.0099525,BTC/USD,BUY,6,20260,FTX
1749217253.0099525,BTC/USD,BUY,9,20258,Bybit
1749217253.0099525,BTC/USD,BUY,8,20258,FTX
1749217253.0099525,BTC/USD,SELL,2,20261,FTX
1749217253.0099525,BTC/USD,SELL,2,20258,FTX
1749217253.0099525,BTC/USD,SELL,8,20265,Binance
1749217253.0099525,BTC/USD,SELL,2,20255,FTX
1749217253.0099525,BTC/USD,SELL,3,20264,FTX
1749217253.0099525,BTC/USD,SELL,3,20266,Bybit
1749217253.0099525,BTC/USD,SELL,8,20274,dYdX
1749217253.0099525,BTC/USD,BUY,2,20277,Bybit
1749217253.0099525,BTC/USD,SELL,8,20282,Bybit
1749217253.0099525,BTC/USD,BUY,2,20280,Binance
1749217253.0099525,BTC/USD,BUY,4,20287,Binance
1749217253.0099525,BTC/USD,BUY,0,20293,Bybit
1749217253.0099525,BTC/USD,SELL,2,20291,Binance
1749217253.0099525,BTC/USD,BUY,6,20295,Bybit
1749217253.0099525,BTC/USD,SELL,8,20305,dYdX
1749217253.0099525,BTC/USD,BUY,1,20303,dYdX
1749217253.0099525,BTC/USD,BUY,8,20294,Binance
1749217253.0099525,BTC/USD,SELL,5,20293,dYdX
1749217253.0099525,BTC/USD,SELL,0,20283,FTX
1749217253.0099525,BTC/USD,SELL,9,20284,Binance
1749217253.0099525,BTC/USD,BUY,2,20290,Bybit
1749217253.0099525,BTC/USD,BUY,7,20294,Binance
1749217253.0099525,BTC/USD,BUY,5,20292,dYdX
1749217253.0099525,BTC/USD,BUY,9,20286,Bybit
1749217253.0099525,BTC/USD,SELL,4,20294,Bybit
1749217253.0099525,BTC/USD,SELL,0,20291,Bybit
1749217253.0099525,BTC/USD,BUY,3,20299,FTX
1749217253.0099525,BTC/USD,BUY,6,20296,dYdX
1749217253.0099525,BTC/USD,SELL,5,20287,Bybit
1749217253.0099525,BTC/USD,BUY,7,20291,FTX
1749217253.0099525,BTC/USD,BUY,0,20292,Binance
1749217253.0099525,BTC/USD,BUY,3,20286,dYdX
1749217253.0099525,BTC/USD,SELL,3,20276,Bybit
1749217253.0099525,BTC/USD,BUY,6,20269,FTX
1749217253.0099525,BTC/USD,BUY,7,20263,Binance
1749217253.0099525,BTC/USD,SELL,9,20273,dYdX
1749217253.0099525,BTC/USD,SELL,5,20266,dYdX
1749217253.0099525,BTC/USD,SELL,0,20270,FTX
1749217253.0099525,BTC/USD,SELL,9,20265,Bybit
1749217253.0099525,BTC/USD,SELL,7,20268,FTX
1749217253.0099525,BTC/USD,SELL,6,20261,Bybit
1749217253.0099525,BTC/USD,SELL,3,20257,dYdX
1749217253.0099525,BTC/USD,BUY,2,20260,Binance
1749217253.0099525,BTC/USD,SELL,6,20253,Bybit
1749217253.0099525,BTC/USD,SELL,8,20245,Binance
1749217253.0099525,BTC/USD,BUY,7,20238,Binance
1749217253.0099525,BTC/USD,BUY,1,20229,dYdX
1749217253.0099525,BTC/USD,BUY,2,20238,FTX
1749217253.0099525,BTC/USD,BUY,8,20242,FTX
1749217253.0099525,BTC/USD,BUY,5,20251,FTX
1749217253.0099525,BTC/USD,SELL,9,20250,Bybit
1749217253.0099525,BTC/USD,SELL,2,20248,FTX
1749217253.0099525,BTC/USD,BUY,1,20248,Binance
1749217253.0099525,BTC/USD,SELL,4,20254,Binance
1749217253.0099525,BTC/USD,BUY,2,20250,dYdX
1749217253.0099525,BTC/USD,BUY,1,20246,Bybit
1749217253.0099525,BTC/USD,BUY,7,20248,FTX
1749217253.0099525,BTC/USD,SELL,2,20255,Bybit
1749217253.0099525,BTC/USD,SELL,7,20257,FTX
1749217253.0099525,BTC/USD,BUY,4,20265,Bybit
1749217253.0099525,BTC/USD,SELL,0,20271,Binance
1749217253.0099525,BTC/USD,BUY,8,20261,dYdX
1749217253.0099525,BTC/USD,SELL,9,20269,FTX
1749217253.0099525,BTC/USD,SELL,8,20278,Binance
1749217253.0099525,BTC/USD,BUY,1,20277,Binance
1749217253.0099525,BTC/USD,SELL,4,20284,Bybit
1749217253.0099525,BTC/USD,BUY,2,20283,Bybit
1749217253.0099525,BTC/USD,SELL,4,20286,FTX
1749217253.0099525,BTC/USD,SELL,8,20282,Binance
1749217253.0099525,BTC/USD,SELL,2,20280,FTX
1749217253.0099525,BTC/USD,BUY,0,20284,Binance
1749217253.0099525,BTC/USD,SELL,9,20287,dYdX
1749217253.0099525,BTC/USD,SELL,4,20279,FTX
1749217253.0099525,BTC/USD,BUY,7,20272,Binance
1749217253.0099525,BTC/USD,BUY,7,20278,Bybit
1749217253.0099525,BTC/USD,BUY,2,20279,FTX
1749217253.0099525,BTC/USD,SELL,6,20271,Bybit
1749217253.0099525,BTC/USD,SELL,8,20263,Binance
1749217253.0099525,BTC/USD,BUY,7,20262,Bybit
1749217253.0099525,BTC/USD,SELL,5,20269,Binance
1749217253.0099525,BTC/USD,SELL,7,20266,Binance
1749217253.0099525,BTC/USD,BUY,8,20274,Bybit
1749217253.0099525,BTC/USD,BUY,1,20279,Binance
1749217253.0099525,BTC/USD,BUY,8,20271,FTX
1749217253.0099525,BTC/USD,SELL,4,20278,dYdX
1749217253.0099525,BTC/USD,BUY,8,20287,Binance
1749217253.0099525,BTC/USD,BUY,6,20282,dYdX
1749217253.0099525,BTC/USD,SELL,7,20276,FTX
1749217253.0099525,BTC/USD,SELL,1,20266,Bybit
1749217253.0099525,BTC/USD,SELL,8,20270,Binance
1749217253.0099525,BTC/USD,SELL,8,20273,Bybit
1749217253.0099525,BTC/USD,BUY,1,20280,Binance
1749217253.0099525,BTC/USD,SELL,7,20288,FTX
1749217253.0099525,BTC/USD,BUY,6,20292,Binance
1749217253.0099525,BTC/USD,SELL,9,20288,FTX
1749217253.0099525,BTC/USD,SELL,9,20279,Bybit
1749217253.0099525,BTC/USD,SELL,9,20282,FTX
1749217253.0099525,BTC/USD,BUY,4,20285,Binance
1749217253.0099525,BTC/USD,BUY,0,20283,Bybit
1749217253.0099525,BTC/USD,SELL,1,20288,Binance
1749217253.0099525,BTC/USD,BUY,5,20295,dYdX
1749217253.0099525,BTC/USD,BUY,4,20296,Binance
1749217253.0099525,BTC/USD,SELL,0,20304,Binance
1749217253.0099525,BTC/USD,SELL,2,20302,dYdX
1749217253.0099525,BTC/USD,SELL,5,20293,Binance
1749217253.0099525,BTC/USD,SELL,2,20296,Bybit
1749217253.0099525,BTC/USD,SELL,0,20301,Bybit
1749217253.0099525,BTC/USD,BUY,1,20303,dYdX
1749217253.0099525,BTC/USD,SELL,9,20305,Binance
1749217253.0099525,BTC/USD,BUY,9,20314,dYdX
1749217253.0099525,BTC/USD,SELL,3,20313,FTX
1749217253.0099525,BTC/USD,BUY,7,20320,FTX
1749217253.0099525,BTC/USD,SELL,0,20312,dYdX
1749217253.0099525,BTC/USD,BUY,7,20304,Bybit
1749217253.0099525,BTC/USD,BUY,2,20295,dYdX
1749217253.0099525,BTC/USD,SELL,6,20304,dYdX
1749217253.0099525,BTC/USD,SELL,1,20307,FTX
1749217253.0099525,BTC/USD,SELL,4,20308,dYdX
1749217253.0099525,BTC/USD,BUY,7,20301,dYdX
1749217253.0099525,BTC/USD,BUY,0,20298,dYdX
1749217253.0099525,BTC/USD,BUY,1,20305,FTX
1749217253.0099525,BTC/USD,BUY,9,20301,dYdX
1749217253.0099525,BTC/USD,BUY,5,20297,dYdX
1749217253.0099525,BTC/USD,BUY,1,20305,dYdX
1749217253.0099525,BTC/USD,BUY,9,20313,FTX
1749217253.0099525,BTC/USD,BUY,9,20322,dYdX
1749217253.0099525,BTC/USD,SELL,2,20316,Binance
1749217253.0099525,BTC/USD,BUY,8,20321,Bybit
1749217253.0099525,BTC/USD,BUY,6,20321,Binance
1749217253.0099525,BTC/USD,BUY,8,20323,Bybit
1749217253.0099525,BTC/USD,SELL,9,20323,Bybit
1749217253.0099525,BTC/USD,BUY,1,20318,Binance
1749217253.0099525,BTC/USD,BUY,1,20326,FTX
1749217253.0099525,BTC/USD,SELL,3,20335,Bybit
1749217253.0099525,BTC/USD,BUY,2,20339,Bybit
1749217253.0099525,BTC/USD,SELL,5,20334,dYdX
1749217253.0099525,BTC/USD,SELL,1,20326,dYdX
1749217253.0099525,BTC/USD,SELL,9,20328,FTX
1749217253.0099525,BTC/USD,SELL,6,20332,Binance
1749217253.0099525,BTC/USD,BUY,9,20325,Bybit
1749217253.0099525,BTC/USD,BUY,5,20320,Binance
1749217253.0099525,BTC/USD,BUY,9,20318,Binance
1749217253.0099525,BTC/USD,SELL,3,20312,dYdX
1749217253.0099525,BTC/USD,SELL,2,20307,Binance
1749217253.0099525,BTC/USD,SELL,7,20302,dYdX
1749217253.0099525,BTC/USD,SELL,3,20308,dYdX
1749217253.0099525,BTC/USD,SELL,0,20307,FTX
1749217253.0099525,BTC/USD,SELL,5,20309,Binance
1749217253.0099525,BTC/USD,BUY,3,20316,FTX
1749217253.0099525,BTC/USD,BUY,5,20309,dYdX
1749217253.0099525,BTC/USD,SELL,0,20308,Bybit
1749217253.0099525,BTC/USD,SELL,8,20314,Bybit
1749217253.0099525,BTC/USD,BUY,7,20309,FTX
1749217253.0099525,BTC/USD,SELL,2,20314,Bybit
1749217253.0099525,BTC/USD,SELL,7,20324,Bybit
1749217253.0099525,BTC/USD,BUY,5,20317,Binance
1749217253.0099525,BTC/USD,BUY,7,20312,dYdX
1749217253.0099525,BTC/USD,BUY,5,20315,dYdX
1749217253.0099525,BTC/USD,SELL,9,20308,dYdX
1749217253.0099525,BTC/USD,BUY,4,20306,Bybit
1749217253.0099525,BTC/USD,BUY,1,20311,dYdX
1749217253.0099525,BTC/USD,SELL,2,20313,FTX
1749217253.0099525,BTC/USD,BUY,2,20312,Bybit
1749217253.0099525,BTC/USD,SELL,5,20313,Binance
1749217253.0099525,BTC/USD,BUY,0,20315,FTX
1749217253.0099525,BTC/USD,BUY,4,20322,FTX
1749217253.0099525,BTC/USD,SELL,2,20328,Bybit
1749217253.0099525,BTC/USD,SELL,1,20319,dYdX
1749217253.0099525,BTC/USD,SELL,2,20324,dYdX
1749217253.0099525,BTC/USD,BUY,8,20322,Bybit
1749217253.0099525,BTC/USD,SELL,8,20312,Bybit
1749217253.0099525,BTC/USD,SELL,7,20312,FTX
1749217253.0099525,BTC/USD,SELL,0,20321,FTX
1749217253.0099525,BTC/USD,BUY,3,20331,FTX
1749217253.0099525,BTC/USD,SELL,3,20331,Binance
1749217253.0099525,BTC/USD,BUY,5,20324,Bybit
1749217253.0099525,BTC/USD,SELL,3,20314,FTX
1749217253.0099525,BTC/USD,SELL,7,20309,Binance
1749217253.0099525,BTC/USD,BUY,8,20307,Bybit
1749217253.0099525,BTC/USD,BUY,9,20314,dYdX
1749217253.0099525,BTC/USD,SELL,7,20314,dYdX
1749217253.0099525,BTC/USD,SELL,1,20323,FTX
1749217253.0099525,BTC/USD,BUY,2,20327,Binance
1749217253.0099525,BTC/USD,BUY,1,20333,Binance
1749217253.0099525,BTC/USD,BUY,7,20328,Bybit
1749217253.0099525,BTC/USD,BUY,1,20334,FTX
1749217253.0099525,BTC/USD,SELL,0,20326,dYdX
1749217253.0099525,BTC/USD,BUY,1,20326,Bybit
1749217253.0099525,BTC/USD,SELL,4,20325,FTX
1749217253.0099525,BTC/USD,SELL,4,20328,FTX
1749217253.0099525,BTC/USD,BUY,5,20319,dYdX
1749217253.0099525,BTC/USD,SELL,4,20315,Binance
1749217253.0099525,BTC/USD,SELL,0,20321,Binance
1749217253.0099525,BTC/USD,SELL,8,20325,dYdX
1749217253.0099525,BTC/USD,BUY,8,20335,dYdX
1749217253.0099525,BTC/USD,SELL,2,20343,dYdX
1749217253.0099525,BTC/USD,SELL,7,20343,FTX
1749217253.0099525,BTC/USD,SELL,8,20349,FTX
1749217253.0099525,BTC/USD,BUY,2,20356,FTX
1749217253.0099525,BTC/USD,SELL,6,20363,Binance
1749217253.0099525,BTC/USD,SELL,6,20368,dYdX
1749217253.0099525,BTC/USD,SELL,6,20373,FTX
1749217253.0099525,BTC/USD,SELL,2,20367,Binance
1749217253.0099525,BTC/USD,SELL,8,20371,dYdX
1749217253.0099525,BTC/USD,BUY,4,20367,Binance
1749217253.0099525,BTC/USD,SELL,9,20357,Binance
1749217253.0099525,BTC/USD,BUY,1,20348,dYdX
1749217253.0099525,BTC/USD,BUY,0,20348,Bybit
1749217253.0099525,BTC/USD,BUY,5,20355,dYdX
1749217253.0099525,BTC/USD,BUY,5,20364,Bybit
1749217253.0099525,BTC/USD,BUY,4,20356,FTX
1749217253.0099525,BTC/USD,SELL,6,20358,FTX
1749217253.0099525,BTC/USD,SELL,0,20364,dYdX
1749217253.0099525,BTC/USD,SELL,2,20356,Binance
1749217253.0099525,BTC/USD,BUY,5,20348,dYdX
1749217253.0099525,BTC/USD,SELL,1,20351,Bybit
1749217253.0099525,BTC/USD,BUY,0,20361,FTX
1749217253.0099525,BTC/USD,BUY,6,20367,FTX
1749217253.0099525,BTC/USD,BUY,8,20360,Binance
1749217253.0099525,BTC/USD,BUY,2,20350,Binance
1749217253.0099525,BTC/USD,SELL,1,20357,Bybit
1749217253.0099525,BTC/USD,SELL,0,20355,dYdX
1749217253.0099525,BTC/USD,BUY,7,20352,FTX
1749217253.0099525,BTC/USD,SELL,9,20347,dYdX
1749217253.0099525,BTC/USD,SELL,0,20339,Bybit
1749217253.0099525,BTC/USD,SELL,9,20334,dYdX
1749217253.0099525,BTC/USD,SELL,9,20344,FTX
1749217253.0099525,BTC/USD,SELL,7,20346,Bybit
1749217253.0099525,BTC/USD,BUY,3,20344,Binance
1749217253.0099525,BTC/USD,SELL,5,20343,FTX
1749217253.0099525,BTC/USD,BUY,0,20343,dYdX
1749217253.0099525,BTC/USD,SELL,8,20349,FTX
1749217253.0099525,BTC/USD,BUY,5,20354,FTX
1749217253.0099525,BTC/USD,SELL,0,20344,Binance
1749217253.0099525,BTC/USD,SELL,5,20346,FTX
1749217253.0099525,BTC/USD,BUY,6,20336,Bybit
1749217253.0099525,BTC/USD,BUY,2,20328,Binance
1749217253.0099525,BTC/USD,BUY,3,20326,dYdX
1749217253.0099525,BTC/USD,BUY,0,20329,dYdX
1749217253.0099525,BTC/USD,SELL,9,20333,dYdX
1749217253.0099525,BTC/USD,BUY,8,20328,Binance
1749217253.0099525,BTC/USD,SELL,9,20335,dYdX
1749217253.0099525,BTC/USD,BUY,4,20342,FTX
1749217253.0099525,BTC/USD,BUY,7,20346,Binance
1749217253.0099525,BTC/USD,SELL,7,20336,FTX
1749217253.0099525,BTC/USD,SELL,8,20326,dYdX
1749217253.0099525,BTC/USD,BUY,8,20321,dYdX
1749217253.0099525,BTC/USD,BUY,4,20313,dYdX
1749217253.0099525,BTC/USD,SELL,6,20320,dYdX
1749217253.0099525,BTC/USD,BUY,9,20314,dYdX
1749217253.0099525,BTC/USD,BUY,1,20319,dYdX
1749217253.0099525,BTC/USD,BUY,2,20310,Bybit
1749217253.0099525,BTC/USD,SELL,8,20318,FTX
1749217253.0099525,BTC/USD,BUY,8,20323,FTX
1749217253.0099525,BTC/USD,BUY,0,20320,FTX
1749217253.0099525,BTC/USD,BUY,3,20313,Bybit
1749217253.0099525,BTC/USD,SELL,0,20314,Bybit
1749217253.0099525,BTC/USD,BUY,3,20304,Binance
1749217253.0099525,BTC/USD,SELL,3,20295,dYdX
1749217253.0099525,BTC/USD,SELL,2,20301,Bybit
1749217253.0099525,BTC/USD,SELL,2,20306,Bybit
1749217253.0099525,BTC/USD,BUY,2,20308,dYdX
1749217253.0099525,BTC/USD,BUY,9,20315,dYdX
1749217253.0099525,BTC/USD,BUY,8,20324,FTX
1749217253.0099525,BTC/USD,SELL,0,20329,FTX
1749217253.0099525,BTC/USD,SELL,0,20327,FTX
1749217253.0099525,BTC/USD,BUY,7,20327,FTX
1749217253.0099525,BTC/USD,SELL,2,20326,dYdX
1749217253.0099525,BTC/USD,BUY,0,20331,Binance
1749217253.0099525,BTC/USD,SELL,1,20323,Bybit
1749217253.0099525,BTC/USD,BUY,7,20320,dYdX
1749217253.0099525,BTC/USD,BUY,7,20317,Binance
1749217253.0099525,BTC/USD,SELL,9,20311,FTX
1749217253.0099525,BTC/USD,BUY,8,20321,Binance
1749217253.0099525,BTC/USD,SELL,2,20311,Binance
1749217253.0099525,BTC/USD,BUY,3,20315,FTX
1749217253.0099525,BTC/USD,BUY,1,20307,Bybit
1749217253.0099525,BTC/USD,SELL,7,20316,dYdX
1749217253.0099525,BTC/USD,SELL,4,20322,Binance
1749217253.0099525,BTC/USD,SELL,5,20329,Binance
1749217253.0099525,BTC/USD,BUY,7,20328,Bybit
1749217253.0099525,BTC/USD,SELL,8,20328,Bybit
1749217253.0099525,BTC/USD,BUY,7,20322,dYdX
1749217253.0099525,BTC/USD,BUY,5,20328,Binance
1749217253.0099525,BTC/USD,BUY,5,20338,FTX
1749217253.0099525,BTC/USD,SELL,2,20329,Binance
1749217253.0099525,BTC/USD,BUY,7,20339,dYdX
1749217253.0099525,BTC/USD,BUY,2,20342,dYdX
1749217253.0099525,BTC/USD,BUY,0,20345,dYdX
1749217253.0099525,BTC/USD,SELL,7,20351,Binance
1749217253.0099525,BTC/USD,BUY,5,20355,Bybit
1749217253.0099525,BTC/USD,BUY,6,20359,Binance
1749217253.0099525,BTC/USD,BUY,9,20358,Binance
1749217253.0099525,BTC/USD,SELL,8,20350,Bybit
1749217253.0099525,BTC/USD,SELL,8,20351,dYdX
1749217253.0099525,BTC/USD,SELL,2,20352,Bybit
1749217253.0099525,BTC/USD,SELL,3,20345,dYdX
1749217253.0099525,BTC/USD,BUY,7,20350,FTX
1749217253.0099525,BTC/USD,SELL,0,20344,dYdX
1749217253.0099525,BTC/USD,SELL,9,20340,Binance
1749217253.0099525,BTC/USD,BUY,3,20335,Bybit
1749217253.0099525,BTC/USD,SELL,0,20335,Bybit
1749217253.0099525,BTC/USD,SELL,7,20342,Bybit
1749217253.0099525,BTC/USD,BUY,7,20337,Binance
1749217253.0099525,BTC/USD,SELL,8,20345,dYdX
1749217253.0099525,BTC/USD,BUY,9,20350,Binance
1749217253.0099525,BTC/USD,SELL,2,20341,dYdX
1749217253.0099525,BTC/USD,BUY,9,20332,FTX
1749217253.0099525,BTC/USD,BUY,3,20331,FTX
1749217253.0099525,BTC/USD,SELL,1,20339,FTX
1749217253.0099525,BTC/USD,BUY,3,20333,dYdX
1749217253.0099525,BTC/USD,BUY,1,20323,Bybit
1749217253.0099525,BTC/USD,SELL,8,20318,Bybit
1749217253.0099525,BTC/USD,SELL,7,20319,Bybit
1749217253.0099525,BTC/USD,BUY,6,20309,Bybit
1749217253.0099525,BTC/USD,SELL,2,20299,Binance
1749217253.0099525,BTC/USD,SELL,6,20293,FTX
1749217253.0099525,BTC/USD,SELL,6,20303,dYdX
1749217253.0099525,BTC/USD,BUY,6,20300,Bybit
1749217253.0099525,BTC/USD,SELL,9,20290,Bybit
1749217253.0099525,BTC/USD,BUY,6,20284,Binance
1749217253.0099525,BTC/USD,BUY,4,20291,dYdX
1749217253.0099525,BTC/USD,SELL,1,20291,FTX
1749217253.0099525,BTC/USD,SELL,0,20300,dYdX
1749217253.0099525,BTC/USD,SELL,2,20295,dYdX
1749217253.0099525,BTC/USD,SELL,1,20288,Bybit
1749217253.0099525,BTC/USD,BUY,2,20284,Binance
1749217253.0099525,BTC/USD,BUY,0,20285,Binance
1749217253.0099525,BTC/USD,SELL,8,20277,Bybit
1749217253.0099525,BTC/USD,SELL,8,20285,dYdX
1749217253.0099525,BTC/USD,BUY,3,20278,Binance
1749217253.0099525,BTC/USD,BUY,8,20286,Bybit
1749217253.0099525,BTC/USD,SELL,1,20277,Bybit
1749217253.0099525,BTC/USD,BUY,7,20279,dYdX
1749217253.0099525,BTC/USD,SELL,9,20276,Binance
1749217253.0099525,BTC/USD,SELL,8,20284,dYdX
1749217253.0099525,BTC/USD,SELL,9,20293,Bybit
1749217253.0099525,BTC/USD,BUY,9,20300,dYdX
1749217253.0099525,BTC/USD,BUY,7,20291,Binance
1749217253.0099525,BTC/USD,SELL,4,20294,dYdX
1749217253.0099525,BTC/USD,SELL,2,20296,FTX
1749217253.0099525,BTC/USD,BUY,4,20291,dYdX
1749217253.0099525,BTC/USD,BUY,5,20287,Bybit
1749217253.0099525,BTC/USD,SELL,0,20292,FTX
1749217253.0099525,BTC/USD,BUY,2,20288,Bybit
1749217253.0099525,BTC/USD,BUY,7,20284,dYdX
1749217253.0099525,BTC/USD,SELL,6,20278,FTX
1749217253.0099525,BTC/USD,BUY,3,20270,Binance
1749217253.0099525,BTC/USD,BUY,1,20262,Binance
1749217253.0099525,BTC/USD,BUY,5,20266,FTX
1749217253.0099525,BTC/USD,SELL,8,20261,Binance
1749217253.0099525,BTC/USD,BUY,1,20264,FTX
1749217253.0099525,BTC/USD,SELL,2,20272,Bybit
1749217253.0099525,BTC/USD,BUY,6,20265,Binance
1749217253.0099525,BTC/USD,SELL,0,20272,dYdX
1749217253.0099525,BTC/USD,SELL,7,20280,Bybit
1749217253.0099525,BTC/USD,SELL,3,20286,Bybit
1749217253.0099525,BTC/USD,BUY,7,20290,Bybit
1749217253.0099525,BTC/USD,SELL,9,20287,Binance
1749217253.0099525,BTC/USD,BUY,2,20279,dYdX
1749217253.0099525,BTC/USD,BUY,9,20283,Binance
1749217253.0099525,BTC/USD,BUY,4,20290,dYdX
1749217253.0099525,BTC/USD,BUY,4,20291,Binance
1749217253.0099525,BTC/USD,BUY,8,20286,Bybit
1749217253.0099525,BTC/USD,SELL,4,20280,dYdX
1749217253.0099525,BTC/USD,SELL,8,20278,Bybit
1749217253.0099525,BTC/USD,BUY,4,20280,FTX
1749217253.0099525,BTC/USD,SELL,9,20272,Binance
1749217253.0099525,BTC/USD,BUY,6,20279,FTX
1749217253.0099525,BTC/USD,BUY,4,20277,Bybit
1749217253.0099525,BTC/USD,SELL,7,20279,FTX
1749217253.0099525,BTC/USD,SELL,9,20275,dYdX
1749217253.0099525,BTC/USD,SELL,2,20271,Binance
1749217253.0099525,BTC/USD,SELL,5,20263,FTX
1749217253.0099525,BTC/USD,SELL,6,20263,dYdX
1749217253.0099525,BTC/USD,BUY,3,20267,Bybit
1749217253.0099525,BTC/USD,BUY,5,20273,dYdX
1749217253.0099525,BTC/USD,BUY,0,20277,dYdX
1749217253.0099525,BTC/USD,BUY,1,20270,Binance
1749217253.0099525,BTC/USD,BUY,2,20270,FTX
1749217253.0099525,BTC/USD,BUY,4,20279,dYdX
1749217253.0099525,BTC/USD,SELL,1,20271,Binance
1749217253.0099525,BTC/USD,SELL,0,20273,Binance
1749217253.0099525,BTC/USD,SELL,5,20280,FTX
1749217253.0099525,BTC/USD,BUY,7,20275,Binance
1749217253.0099525,BTC/USD,SELL,2,20277,FTX
1749217253.0099525,BTC/USD,BUY,2,20287,dYdX
1749217253.0099525,BTC/USD,BUY,6,20296,FTX
1749217253.0099525,BTC/USD,SELL,5,20297,Binance
1749217253.0099525,BTC/USD,SELL,8,20287,FTX
1749217253.0099525,BTC/USD,BUY,0,20278,Binance
1749217253.0099525,BTC/USD,BUY,2,20274,dYdX
1749217253.0099525,BTC/USD,SELL,4,20270,Bybit
1749217253.0099525,BTC/USD,BUY,6,20260,Bybit
1749217253.0099525,BTC/USD,SELL,1,20261,Bybit
1749217253.0099525,BTC/USD,SELL,1,20268,Bybit
1749217253.0099525,BTC/USD,BUY,5,20259,FTX
1749217253.0099525,BTC/USD,BUY,2,20257,FTX
1749217253.0099525,BTC/USD,SELL,0,20261,dYdX
1749217253.0099525,BTC/USD,SELL,2,20260,FTX
1749217253.0099525,BTC/USD,BUY,5,20260,Bybit
1749217253.0099525,BTC/USD,SELL,4,20254,Bybit
1749217253.0099525,BTC/USD,BUY,8,20253,dYdX
1749217253.0099525,BTC/USD,BUY,8,20251,FTX
1749217253.0099525,BTC/USD,SELL,6,20250,Bybit
1749217253.0099525,BTC/USD,BUY,9,20258,Binance
1749217253.0099525,BTC/USD,BUY,1,20257,Binance
1749217253.0099525,BTC/USD,SELL,0,20263,FTX
1749217253.0099525,BTC/USD,BUY,6,20269,dYdX
1749217253.0099525,BTC/USD,SELL,9,20268,Bybit
1749217253.0099525,BTC/USD,SELL,0,20264,Binance
1749217253.0099525,BTC/USD,BUY,1,20260,dYdX
1749217253.0099525,BTC/USD,SELL,0,20270,Bybit
1749217253.0099525,BTC/USD,SELL,8,20266,Binance
1749217253.0099525,BTC/USD,BUY,7,20269,Bybit
1749217253.0099525,BTC/USD,SELL,1,20276,Bybit
1749217253.0099525,BTC/USD,SELL,8,20280,FTX
1749217253.0099525,BTC/USD,BUY,4,20277,FTX
1749217253.0099525,BTC/USD,SELL,8,20284,dYdX
1749217253.0099525,BTC/USD,SELL,2,20291,dYdX
1749217253.0099525,BTC/USD,BUY,0,20296,Binance
1749217253.0099525,BTC/USD,BUY,9,20288,Binance
1749217253.0099525,BTC/USD,BUY,0,20280,Binance
1749217253.0099525,BTC/USD,BUY,2,20276,Binance
1749217253.0099525,BTC/USD,BUY,3,20284,Binance
1749217253.0099525,BTC/USD,SELL,9,20292,Binance
1749217253.0099525,BTC/USD,SELL,7,20294,Bybit
1749217253.0099525,BTC/USD,SELL,7,20293,Bybit
1749217253.0099525,BTC/USD,SELL,2,20290,FTX
1749217253.0099525,BTC/USD,BUY,0,20297,FTX
1749217253.0099525,BTC/USD,BUY,7,20293,Bybit
1749217253.0099525,BTC/USD,BUY,9,20285,Binance
1749217253.0099525,BTC/USD,SELL,7,20284,Bybit
1749217253.0099525,BTC/USD,BUY,8,20290,Bybit
1749217253.0099525,BTC/USD,SELL,5,20285,Bybit
1749217253.0099525,BTC/USD,BUY,7,20294,FTX
1749217253.0099525,BTC/USD,BUY,2,20290,dYdX
1749217253.0099525,BTC/USD,SELL,1,20292,Bybit
1749217253.0099525,BTC/USD,SELL,9,20282,Binance
1749217253.0099525,BTC/USD,SELL,7,20285,FTX
1749217253.0099525,BTC/USD,SELL,1,20288,dYdX
1749217253.0099525,BTC/USD,BUY,2,20288,dYdX
1749217253.0099525,BTC/USD,SELL,7,20291,dYdX
1749217253.0099525,BTC/USD,SELL,3,20292,Bybit
1749217253.0099525,BTC/USD,BUY,6,20291,Bybit
1749217253.0099525,BTC/USD,BUY,9,20288,Binance
1749217253.0099525,BTC/USD,BUY,1,20286,Binance
1749217253.0099525,BTC/USD,SELL,4,20280,Binance
1749217253.0099525,BTC/USD,BUY,9,20278,Bybit
1749217253.0099525,BTC/USD,BUY,7,20288,Binance
1749217253.0099525,BTC/USD,SELL,7,20279,Bybit
1749217253.0099525,BTC/USD,SELL,6,20276,Bybit
1749217253.0099525,BTC/USD,BUY,0,20282,Binance
1749217253.0099525,BTC/USD,BUY,2,20272,dYdX
1749217253.0099525,BTC/USD,BUY,0,20275,Binance
1749217253.0099525,BTC/USD,SELL,4,20285,dYdX
1749217253.0099525,BTC/USD,SELL,1,20291,Binance
1749217253.0099525,BTC/USD,BUY,8,20296,FTX
1749217253.0099525,BTC/USD,SELL,2,20297,FTX
1749217253.0099525,BTC/USD,SELL,3,20291,dYdX
1749217253.0099525,BTC/USD,BUY,8,20294,Binance
1749217253.0099525,BTC/USD,BUY,1,20290,FTX
1749217253.0099525,BTC/USD,BUY,3,20289,FTX
1749217253.0099525,BTC/USD,BUY,0,20288,Binance
1749217253.0099525,BTC/USD,SELL,1,20283,dYdX
1749217253.0099525,BTC/USD,BUY,6,20290,Binance
1749217253.0099525,BTC/USD,BUY,5,20292,Bybit
1749217253.0099525,BTC/USD,BUY,2,20282,Binance
1749217253.0099525,BTC/USD,BUY,9,20272,Binance
1749217253.0099525,BTC/USD,BUY,0,20271,Binance
1749217253.0099525,BTC/USD,SELL,5,20262,dYdX
1749217253.0099525,BTC/USD,BUY,1,20259,Binance
1749217253.0099525,BTC/USD,BUY,3,20255,dYdX
1749217253.0099525,BTC/USD,BUY,4,20265,Binance
1749217253.0099525,BTC/USD,BUY,0,20258,dYdX
1749217253.0099525,BTC/USD,BUY,8,20268,Binance
1749217253.0099525,BTC/USD,BUY,3,20261,Bybit
1749217253.0099525,BTC/USD,SELL,8,20259,Bybit
1749217253.0099525,BTC/USD,BUY,3,20259,FTX
1749217253.0099525,BTC/USD,BUY,5,20251,dYdX
1749217253.0099525,BTC/USD,SELL,5,20248,FTX
1749217253.0099525,BTC/USD,SELL,5,20243,dYdX
1749217253.0099525,BTC/USD,BUY,0,20252,dYdX
1749217253.0099525,BTC/USD,SELL,3,20256,Binance
1749217253.0099525,BTC/USD,BUY,7,20248,dYdX
1749217253.0099525,BTC/USD,SELL,1,20257,FTX
1749217253.0099525,BTC/USD,SELL,2,20247,Bybit
1749217253.0099525,BTC/USD,SELL,3,20246,Bybit
1749217253.0099525,BTC/USD,BUY,9,20243,Binance
1749217253.0099525,BTC/USD,SELL,8,20245,Binance
1749217253.0099525,BTC/USD,BUY,5,20245,Bybit
1749217253.0099525,BTC/USD,BUY,9,20239,FTX
1749217253.0099525,BTC/USD,BUY,1,20244,FTX
1749217253.0099525,BTC/USD,BUY,0,20251,Binance
1749217253.0099525,BTC/USD,BUY,2,20245,Binance
1749217253.0099525,BTC/USD,BUY,4,20239,dYdX
1749217253.0099525,BTC/USD,BUY,5,20237,Binance
1749217253.0099525,BTC/USD,BUY,5,20237,dYdX
1749217253.0099525,BTC/USD,BUY,2,20243,Binance
1749217253.0099525,BTC/USD,BUY,3,20241,Binance
1749217253.0099525,BTC/USD,SELL,3,20242,Binance
1749217253.0099525,BTC/USD,BUY,0,20247,Bybit
1749217253.0099525,BTC/USD,BUY,7,20245,dYdX
1749217253.0099525,BTC/USD,SELL,2,20236,FTX
1749217253.0099525,BTC/USD,SELL,4,20243,dYdX
1749217253.0099525,BTC/USD,SELL,1,20239,dYdX
1749217253.0099525,BTC/USD,BUY,5,20229,Bybit
1749217253.0099525,BTC/USD,BUY,5,20234,Bybit
1749217253.0099525,BTC/USD,BUY,1,20238,FTX
1749217253.0099525,BTC/USD,SELL,3,20237,Bybit
1749217253.0099525,BTC/USD,SELL,9,20229,dYdX
1749217253.0099525,BTC/USD,SELL,8,20238,FTX
1749217253.0099525,BTC/USD,BUY,0,20238,Binance
1749217253.0099525,BTC/USD,BUY,3,20233,dYdX
1749217253.0099525,BTC/USD,BUY,1,20226,FTX
1749217253.0099525,BTC/USD,BUY,0,20227,Binance
1749217253.0099525,BTC/USD,SELL,5,20225,FTX
1749217253.0099525,BTC/USD,SELL,3,20232,FTX
1749217253.0099525,BTC/USD,SELL,6,20222,FTX
1749217253.0099525,BTC/USD,BUY,9,20221,FTX
1749217253.0099525,BTC/USD,SELL,3,20224,Binance
1749217253.0099525,BTC/USD,SELL,5,20220,Bybit
1749217253.0099525,BTC/USD,BUY,7,20230,dYdX
1749217253.0099525,BTC/USD,SELL,2,20227,FTX
1749217253.0099525,BTC/USD,SELL,2,20234,FTX
1749217253.0099525,BTC/USD,BUY,5,20231,FTX
1749217253.0099525,BTC/USD,SELL,8,20227,Bybit
1749217253.0099525,BTC/USD,SELL,6,20228,Binance
1749217253.0099525,BTC/USD,SELL,3,20226,Bybit
1749217253.0099525,BTC/USD,BUY,6,20235,Binance
1749217253.0099525,BTC/USD,BUY,5,20232,dYdX
1749217253.0099525,BTC/USD,SELL,4,20235,Bybit
1749217253.0099525,BTC/USD,BUY,6,20237,FTX
1749217253.0099525,BTC/USD,SELL,3,20236,Binance
1749217253.0099525,BTC/USD,SELL,0,20232,FTX
1749217253.0099525,BTC/USD,SELL,1,20236,Binance
1749217253.0099525,BTC/USD,BUY,9,20231,Binance
1749217253.0099525,BTC/USD,BUY,6,20239,Bybit
1749217253.0099525,BTC/USD,SELL,9,20240,Bybit
1749217253.0099525,BTC/USD,SELL,0,20247,FTX
1749217253.0099525,BTC/USD,BUY,6,20246,dYdX
1749217253.0099525,BTC/USD,BUY,8,20241,Binance
1749217253.0099525,BTC/USD,BUY,4,20246,Bybit
1749217253.0099525,BTC/USD,BUY,8,20247,Bybit
1749217253.0099525,BTC/USD,SELL,7,20237,Bybit
1749217253.0099525,BTC/USD,SELL,7,20238,FTX
1749217253.0099525,BTC/USD,BUY,6,20238,dYdX
1749217253.0099525,BTC/USD,BUY,2,20247,dYdX
1749217253.0099525,BTC/USD,SELL,5,20242,dYdX
1749217253.0099525,BTC/USD,SELL,6,20243,dYdX
1749217253.0099525,BTC/USD,BUY,6,20252,dYdX
1749217253.0099525,BTC/USD,BUY,4,20252,dYdX
1749217253.0099525,BTC/USD,BUY,0,20244,FTX
1749217253.0099525,BTC/USD,SELL,7,20242,Binance
1749217253.0099525,BTC/USD,BUY,5,20252,dYdX
1749217253.0099525,BTC/USD,SELL,9,20261,Bybit
1749217253.0099525,BTC/USD,BUY,5,20261,Binance
1749217253.0099525,BTC/USD,SELL,9,20252,FTX
1749217253.0099525,BTC/USD,SELL,5,20246,FTX
1749217253.0099525,BTC/USD,BUY,5,20248,FTX
1749217253.0099525,BTC/USD,SELL,6,20257,dYdX
1749217253.0099525,BTC/USD,BUY,7,20252,Bybit
1749217253.0099525,BTC/USD,SELL,2,20243,dYdX
1749217253.0099525,BTC/USD,SELL,7,20240,Bybit
1749217253.0099525,BTC/USD,BUY,8,20230,FTX
1749217253.0099525,BTC/USD,SELL,4,20236,Bybit
1749217253.0099525,BTC/USD,BUY,6,20239,dYdX
1749217253.0099525,BTC/USD,BUY,7,20230,dYdX
1749217253.0099525,BTC/USD,SELL,5,20232,dYdX
1749217253.0099525,BTC/USD,SELL,6,20223,Bybit
1749217253.0099525,BTC/USD,BUY,6,20216,dYdX
1749217253.0099525,BTC/USD,SELL,9,20223,Binance
1749217253.0099525,BTC/USD,BUY,2,20226,dYdX
1749217253.0099525,BTC/USD,SELL,5,20235,Binance
1749217253.0099525,BTC/USD,SELL,4,20228,Bybit
1749217253.0099525,BTC/USD,SELL,4,20219,Bybit
1749217253.0099525,BTC/USD,BUY,0,20215,dYdX
1749217253.0099525,BTC/USD,SELL,2,20217,dYdX
1749217253.0099525,BTC/USD,SELL,2,20226,dYdX
1749217253.0099525,BTC/USD,SELL,0,20216,dYdX
1749217253.0099525,BTC/USD,SELL,0,20225,dYdX
1749217253.0099525,BTC/USD,SELL,0,20228,dYdX
1749217253.0099525,BTC/USD,SELL,1,20225,Binance
1749217253.0099525,BTC/USD,SELL,1,20229,Binance
1749217253.0099525,BTC/USD,BUY,4,20238,FTX
1749217253.0099525,BTC/USD,SELL,9,20235,Bybit
1749217253.0099525,BTC/USD,SELL,4,20229,FTX
1749217253.0099525,BTC/USD,SELL,2,20239,FTX
1749217253.0099525,BTC/USD,SELL,4,20246,dYdX
1749217253.0099525,BTC/USD,BUY,7,20246,Binance
1749217253.0099525,BTC/USD,BUY,0,20241,FTX
1749217253.0099525,BTC/USD,SELL,1,20239,dYdX
1749217253.0099525,BTC/USD,SELL,3,20229,FTX
1749217253.0099525,BTC/USD,BUY,8,20234,dYdX
1749217253.0099525,BTC/USD,SELL,6,20243,dYdX
1749217253.0099525,BTC/USD,SELL,3,20246,Binance
1749217253.0099525,BTC/USD,BUY,5,20240,FTX
1749217253.0099525,BTC/USD,SELL,2,20249,dYdX
1749217253.0099525,BTC/USD,BUY,3,20252,FTX
1749217253.0099525,BTC/USD,SELL,7,20251,Binance
1749217253.0099525,BTC/USD,SELL,3,20247,Binance
1749217253.0099525,BTC/USD,SELL,5,20238,Binance
1749217253.0099525,BTC/USD,SELL,1,20230,FTX
1749217253.0099525,BTC/USD,SELL,0,20237,Bybit
1749217253.0109525,BTC/USD,BUY,4,20234,FTX
1749217253.0109525,BTC/USD,BUY,1,20230,Bybit
1749217253.0109525,BTC/USD,BUY,8,20229,Bybit
1749217253.0109525,BTC/USD,SELL,7,20234,dYdX
1749217253.0109525,BTC/USD,BUY,6,20227,Binance
1749217253.0109525,BTC/USD,BUY,2,20224,FTX
1749217253.0109525,BTC/USD,BUY,4,20233,FTX
1749217253.0109525,BTC/USD,SELL,0,20237,FTX
1749217253.0109525,BTC/USD,SELL,9,20238,Bybit
1749217253.0109525,BTC/USD,BUY,3,20230,FTX
1749217253.0109525,BTC/USD,BUY,7,20230,FTX
1749217253.0109525,BTC/USD,BUY,5,20237,Binance
1749217253.0109525,BTC/USD,BUY,9,20237,Binance
1749217253.0109525,BTC/USD,BUY,6,20228,Binance
1749217253.0109525,BTC/USD,BUY,7,20226,Bybit
1749217253.0109525,BTC/USD,BUY,0,20223,Binance
1749217253.0109525,BTC/USD,SELL,6,20230,Binance
1749217253.0109525,BTC/USD,SELL,8,20229,FTX
1749217253.0109525,BTC/USD,SELL,7,20233,dYdX
1749217253.0109525,BTC/USD,BUY,4,20243,FTX
1749217253.0109525,BTC/USD,BUY,7,20244,dYdX
1749217253.0109525,BTC/USD,SELL,9,20252,Bybit
1749217253.0109525,BTC/USD,SELL,5,20245,dYdX
1749217253.0109525,BTC/USD,BUY,3,20241,FTX
1749217253.0109525,BTC/USD,SELL,7,20232,Binance
1749217253.0109525,BTC/USD,BUY,1,20241,Binance
1749217253.0109525,BTC/USD,BUY,3,20250,FTX
1749217253.0109525,BTC/USD,SELL,2,20245,dYdX
1749217253.0109525,BTC/USD,SELL,0,20249,FTX
1749217253.0109525,BTC/USD,SELL,6,20244,FTX
1749217253.0109525,BTC/USD,SELL,6,20242,Binance
1749217253.0109525,BTC/USD,SELL,9,20236,Binance
1749217253.0109525,BTC/USD,BUY,8,20236,dYdX
1749217253.0109525,BTC/USD,BUY,2,20226,FTX
1749217253.0109525,BTC/USD,BUY,8,20233,Binance
1749217253.0109525,BTC/USD,SELL,5,20234,dYdX
1749217253.0109525,BTC/USD,SELL,5,20241,FTX
1749217253.0109525,BTC/USD,SELL,5,20239,Binance
1749217253.0109525,BTC/USD,BUY,4,20242,FTX
1749217253.0109525,BTC/USD,SELL,7,20249,dYdX
1749217253.0109525,BTC/USD,BUY,1,20250,dYdX
1749217253.0109525,BTC/USD,SELL,0,20245,Bybit
1749217253.0109525,BTC/USD,SELL,4,20255,FTX
1749217253.0109525,BTC/USD,SELL,9,20260,FTX
1749217253.0109525,BTC/USD,BUY,9,20256,FTX
1749217253.0109525,BTC/USD,SELL,4,20248,Binance
1749217253.0109525,BTC/USD,BUY,9,20246,Binance
1749217253.0109525,BTC/USD,SELL,2,20240,Bybit
1749217253.0109525,BTC/USD,BUY,0,20232,Bybit
1749217253.0109525,BTC/USD,SELL,4,20239,Binance
1749217253.0109525,BTC/USD,SELL,7,20249,Binance
1749217253.0109525,BTC/USD,SELL,2,20253,dYdX
1749217253.0109525,BTC/USD,SELL,9,20261,Bybit
1749217253.0109525,BTC/USD,BUY,3,20267,Binance
1749217253.0109525,BTC/USD,BUY,3,20275,Bybit
1749217253.0109525,BTC/USD,SELL,2,20277,Binance
1749217253.0109525,BTC/USD,BUY,2,20276,dYdX
1749217253.0109525,BTC/USD,SELL,0,20280,FTX
1749217253.0109525,BTC/USD,SELL,9,20270,Bybit
1749217253.0109525,BTC/USD,SELL,2,20264,dYdX
1749217253.0109525,BTC/USD,BUY,4,20261,Binance
1749217253.0109525,BTC/USD,BUY,0,20252,Bybit
1749217253.0109525,BTC/USD,BUY,4,20246,Bybit
1749217253.0109525,BTC/USD,BUY,6,20248,Binance
1749217253.0109525,BTC/USD,SELL,1,20254,Bybit
1749217253.0109525,BTC/USD,BUY,9,20258,FTX
1749217253.0109525,BTC/USD,SELL,2,20261,FTX
1749217253.0109525,BTC/USD,SELL,6,20268,dYdX
1749217253.0109525,BTC/USD,BUY,0,20268,Bybit
1749217253.0109525,BTC/USD,BUY,5,20276,Bybit
1749217253.0109525,BTC/USD,SELL,5,20269,Binance
1749217253.0109525,BTC/USD,BUY,7,20264,dYdX
1749217253.0109525,BTC/USD,BUY,3,20255,dYdX
1749217253.0109525,BTC/USD,SELL,5,20263,dYdX
1749217253.0109525,BTC/USD,BUY,7,20273,Bybit
1749217253.0109525,BTC/USD,BUY,9,20265,FTX
1749217253.0109525,BTC/USD,SELL,5,20263,dYdX
1749217253.0109525,BTC/USD,SELL,6,20254,dYdX
1749217253.0109525,BTC/USD,BUY,4,20257,FTX
1749217253.0109525,BTC/USD,BUY,4,20255,FTX
1749217253.0109525,BTC/USD,SELL,3,20245,Binance
1749217253.0109525,BTC/USD,SELL,7,20247,FTX
1749217253.0109525,BTC/USD,SELL,1,20238,dYdX
1749217253.0109525,BTC/USD,SELL,0,20228,Binance
1749217253.0109525,BTC/USD,BUY,2,20236,FTX
1749217253.0109525,BTC/USD,BUY,4,20241,dYdX
1749217253.0109525,BTC/USD,BUY,5,20246,Bybit
1749217253.0109525,BTC/USD,SELL,0,20245,Bybit
1749217253.0109525,BTC/USD,BUY,3,20246,dYdX
1749217253.0109525,BTC/USD,SELL,0,20250,FTX
1749217253.0109525,BTC/USD,BUY,1,20254,dYdX
1749217253.0109525,BTC/USD,SELL,6,20245,Binance
1749217253.0109525,BTC/USD,BUY,1,20242,Binance
1749217253.0109525,BTC/USD,BUY,7,20249,FTX
1749217253.0109525,BTC/USD,BUY,0,20252,FTX
1749217253.0109525,BTC/USD,SELL,4,20245,Bybit
1749217253.0109525,BTC/USD,SELL,9,20244,FTX
1749217253.0109525,BTC/USD,SELL,1,20236,Binance
1749217253.0109525,BTC/USD,BUY,1,20226,FTX
1749217253.0109525,BTC/USD,BUY,7,20217,Bybit
1749217253.0109525,BTC/USD,BUY,0,20218,Binance
1749217253.0109525,BTC/USD,SELL,1,20208,FTX
1749217253.0109525,BTC/USD,BUY,5,20212,dYdX
1749217253.0109525,BTC/USD,BUY,0,20211,dYdX
1749217253.0109525,BTC/USD,SELL,1,20202,dYdX
1749217253.0109525,BTC/USD,SELL,2,20204,Binance
1749217253.0109525,BTC/USD,SELL,1,20202,FTX
1749217253.0109525,BTC/USD,BUY,0,20199,Bybit
1749217253.0109525,BTC/USD,BUY,4,20206,FTX
1749217253.0109525,BTC/USD,SELL,9,20200,Bybit
1749217253.0109525,BTC/USD,BUY,9,20210,dYdX
1749217253.0109525,BTC/USD,SELL,6,20207,Bybit
1749217253.0109525,BTC/USD,SELL,1,20216,Bybit
1749217253.0109525,BTC/USD,BUY,0,20212,dYdX
1749217253.0109525,BTC/USD,SELL,1,20213,Binance
1749217253.0109525,BTC/USD,SELL,0,20203,FTX
1749217253.0109525,BTC/USD,SELL,8,20206,FTX
1749217253.0109525,BTC/USD,SELL,3,20202,Bybit
1749217253.0109525,BTC/USD,SELL,9,20203,dYdX
1749217253.0109525,BTC/USD,SELL,1,20211,dYdX
1749217253.0109525,BTC/USD,BUY,7,20218,Binance
1749217253.0109525,BTC/USD,SELL,5,20208,dYdX
1749217253.0109525,BTC/USD,BUY,4,20204,FTX
1749217253.0109525,BTC/USD,SELL,0,20200,Bybit
1749217253.0109525,BTC/USD,SELL,8,20190,Binance
1749217253.0109525,BTC/USD,SELL,3,20192,FTX
1749217253.0109525,BTC/USD,BUY,8,20183,Binance
1749217253.0109525,BTC/USD,BUY,2,20179,Binance
1749217253.0109525,BTC/USD,SELL,3,20186,Binance
1749217253.0109525,BTC/USD,SELL,8,20191,Binance
1749217253.0109525,BTC/USD,BUY,8,20197,Bybit
1749217253.0109525,BTC/USD,SELL,4,20195,Binance
1749217253.0109525,BTC/USD,SELL,5,20192,Bybit
1749217253.0109525,BTC/USD,SELL,0,20190,dYdX
1749217253.0109525,BTC/USD,BUY,4,20189,dYdX
1749217253.0109525,BTC/USD,SELL,4,20197,Binance
1749217253.0109525,BTC/USD,SELL,5,20201,dYdX
1749217253.0109525,BTC/USD,BUY,8,20208,dYdX
1749217253.0109525,BTC/USD,BUY,6,20199,Bybit
1749217253.0109525,BTC/USD,BUY,3,20191,Binance
1749217253.0109525,BTC/USD,SELL,3,20196,FTX
1749217253.0109525,BTC/USD,SELL,4,20200,dYdX
1749217253.0109525,BTC/USD,BUY,9,20196,Binance
1749217253.0109525,BTC/USD,BUY,2,20206,Binance
1749217253.0109525,BTC/USD,BUY,2,20202,Bybit
1749217253.0109525,BTC/USD,SELL,8,20199,FTX
1749217253.0109525,BTC/USD,BUY,7,20198,FTX
1749217253.0109525,BTC/USD,BUY,3,20208,Binance
1749217253.0109525,BTC/USD,BUY,9,20204,Binance
1749217253.0109525,BTC/USD,BUY,0,20209,Binance
1749217253.0109525,BTC/USD,SELL,4,20206,Binance
1749217253.0109525,BTC/USD,BUY,3,20209,Bybit
1749217253.0109525,BTC/USD,BUY,5,20214,FTX
1749217253.0109525,BTC/USD,SELL,9,20222,dYdX
1749217253.0109525,BTC/USD,SELL,5,20230,FTX
1749217253.0109525,BTC/USD,BUY,5,20239,dYdX
1749217253.0109525,BTC/USD,BUY,6,20241,Binance
1749217253.0109525,BTC/USD,SELL,8,20236,Binance
1749217253.0109525,BTC/USD,BUY,4,20231,FTX
1749217253.0109525,BTC/USD,BUY,7,20227,Binance
1749217253.0109525,BTC/USD,BUY,9,20225,Binance
1749217253.0109525,BTC/USD,SELL,3,20217,Bybit
1749217253.0109525,BTC/USD,SELL,9,20225,Binance
1749217253.0109525,BTC/USD,BUY,4,20215,Bybit
1749217253.0109525,BTC/USD,SELL,3,20215,Binance
1749217253.0109525,BTC/USD,BUY,7,20214,Binance
1749217253.0109525,BTC/USD,BUY,2,20207,Binance
1749217253.0109525,BTC/USD,BUY,2,20204,dYdX
1749217253.0109525,BTC/USD,SELL,1,20194,FTX
1749217253.0109525,BTC/USD,SELL,1,20197,dYdX
1749217253.0109525,BTC/USD,SELL,9,20195,Binance
1749217253.0109525,BTC/USD,BUY,4,20202,Binance
1749217253.0109525,BTC/USD,BUY,8,20210,dYdX
1749217253.0109525,BTC/USD,BUY,9,20214,FTX
1749217253.0109525,BTC/USD,BUY,6,20208,FTX
1749217253.0109525,BTC/USD,BUY,5,20216,Binance
1749217253.0109525,BTC/USD,BUY,1,20218,FTX
1749217253.0109525,BTC/USD,BUY,7,20211,Binance
1749217253.0109525,BTC/USD,SELL,3,20211,Bybit
1749217253.0109525,BTC/USD,BUY,4,20206,FTX
1749217253.0109525,BTC/USD,SELL,1,20212,dYdX
1749217253.0109525,BTC/USD,BUY,4,20202,Bybit
1749217253.0109525,BTC/USD,SELL,8,20211,Bybit
1749217253.0109525,BTC/USD,SELL,5,20212,FTX
1749217253.0109525,BTC/USD,BUY,8,20216,FTX
1749217253.0109525,BTC/USD,BUY,9,20215,Binance
1749217253.0109525,BTC/USD,BUY,4,20216,FTX
1749217253.0109525,BTC/USD,SELL,0,20225,Binance
1749217253.0109525,BTC/USD,SELL,0,20228,FTX
1749217253.0109525,BTC/USD,SELL,6,20230,Binance
1749217253.0109525,BTC/USD,BUY,2,20229,Bybit
1749217253.0109525,BTC/USD,BUY,0,20225,Binance
1749217253.0109525,BTC/USD,BUY,0,20235,FTX
1749217253.0109525,BTC/USD,SELL,0,20241,Bybit
1749217253.0109525,BTC/USD,SELL,9,20251,dYdX
1749217253.0109525,BTC/USD,SELL,9,20248,FTX
1749217253.0109525,BTC/USD,BUY,5,20258,FTX
1749217253.0109525,BTC/USD,BUY,3,20257,FTX
1749217253.0109525,BTC/USD,BUY,1,20257,dYdX
1749217253.0109525,BTC/USD,SELL,6,20262,FTX
1749217253.0109525,BTC/USD,SELL,8,20268,FTX
1749217253.0109525,BTC/USD,BUY,8,20269,dYdX
1749217253.0109525,BTC/USD,BUY,6,20272,Binance
1749217253.0109525,BTC/USD,SELL,9,20279,dYdX
1749217253.0109525,BTC/USD,SELL,4,20280,Binance
1749217253.0109525,BTC/USD,SELL,9,20274,FTX
1749217253.0109525,BTC/USD,SELL,1,20281,Bybit
1749217253.0109525,BTC/USD,BUY,2,20271,Binance
1749217253.0109525,BTC/USD,SELL,2,20271,Bybit
1749217253.0109525,BTC/USD,SELL,8,20266,Binance
1749217253.0109525,BTC/USD,BUY,8,20274,Binance
1749217253.0109525,BTC/USD,BUY,6,20279,dYdX
1749217253.0109525,BTC/USD,SELL,0,20270,Bybit
1749217253.0109525,BTC/USD,BUY,4,20268,Binance
1749217253.0109525,BTC/USD,BUY,9,20260,dYdX
1749217253.0109525,BTC/USD,SELL,4,20255,dYdX
1749217253.0109525,BTC/USD,BUY,0,20246,Binance
1749217253.0109525,BTC/USD,BUY,4,20246,FTX
1749217253.0109525,BTC/USD,BUY,5,20245,FTX
1749217253.0109525,BTC/USD,SELL,3,20239,Bybit
1749217253.0109525,BTC/USD,SELL,0,20248,Bybit
1749217253.0109525,BTC/USD,SELL,4,20251,Binance
1749217253.0109525,BTC/USD,SELL,9,20244,Binance
1749217253.0109525,BTC/USD,BUY,0,20234,Bybit
1749217253.0109525,BTC/USD,SELL,5,20244,dYdX
1749217253.0109525,BTC/USD,BUY,7,20234,Bybit
1749217253.0109525,BTC/USD,SELL,8,20238,FTX
1749217253.0109525,BTC/USD,BUY,9,20243,Binance
1749217253.0109525,BTC/USD,SELL,0,20246,Binance
1749217253.0109525,BTC/USD,BUY,0,20250,FTX
1749217253.0109525,BTC/USD,BUY,8,20250,Bybit
1749217253.0109525,BTC/USD,BUY,2,20244,FTX
1749217253.0109525,BTC/USD,BUY,1,20247,Bybit
1749217253.0109525,BTC/USD,SELL,9,20243,Binance
1749217253.0109525,BTC/USD,SELL,9,20248,Binance
1749217253.0109525,BTC/USD,SELL,1,20256,dYdX
1749217253.0109525,BTC/USD,SELL,3,20266,Binance
1749217253.0109525,BTC/USD,BUY,1,20262,Bybit
1749217253.0109525,BTC/USD,BUY,2,20267,dYdX
1749217253.0109525,BTC/USD,BUY,7,20273,Binance
1749217253.0109525,BTC/USD,BUY,0,20279,dYdX
1749217253.0109525,BTC/USD,BUY,5,20284,Binance
1749217253.0109525,BTC/USD,BUY,1,20291,Binance
1749217253.0109525,BTC/USD,SELL,7,20299,dYdX
1749217253.0109525,BTC/USD,BUY,3,20293,Binance
1749217253.0109525,BTC/USD,BUY,1,20299,Binance
1749217253.0109525,BTC/USD,BUY,7,20290,Bybit
1749217253.0109525,BTC/USD,BUY,3,20294,Binance
1749217253.0109525,BTC/USD,BUY,7,20295,FTX
1749217253.0109525,BTC/USD,SELL,7,20297,dYdX
1749217253.0109525,BTC/USD,SELL,6,20289,Binance
1749217253.0109525,BTC/USD,SELL,8,20283,Bybit
1749217253.0109525,BTC/USD,SELL,7,20278,Binance
1749217253.0109525,BTC/USD,BUY,1,20282,Bybit
1749217253.0109525,BTC/USD,SELL,8,20280,FTX
1749217253.0109525,BTC/USD,SELL,0,20289,Bybit
1749217253.0109525,BTC/USD,SELL,9,20293,Binance
1749217253.0109525,BTC/USD,BUY,0,20288,Bybit
1749217253.0109525,BTC/USD,BUY,1,20295,Bybit
1749217253.0109525,BTC/USD,BUY,3,20301,dYdX
1749217253.0109525,BTC/USD,BUY,8,20293,dYdX
1749217253.0109525,BTC/USD,BUY,9,20303,dYdX
1749217253.0109525,BTC/USD,SELL,2,20312,Bybit
1749217253.0109525,BTC/USD,SELL,6,20309,Binance
1749217253.0109525,BTC/USD,BUY,5,20316,Bybit
1749217253.0109525,BTC/USD,SELL,6,20315,Bybit
1749217253.0109525,BTC/USD,SELL,0,20310,Bybit
1749217253.0109525,BTC/USD,BUY,3,20320,Binance
1749217253.0109525,BTC/USD,SELL,0,20316,Bybit
1749217253.0109525,BTC/USD,SELL,3,20308,Bybit
1749217253.0109525,BTC/USD,BUY,5,20312,Bybit
1749217253.0109525,BTC/USD,SELL,1,20307,FTX
1749217253.0109525,BTC/USD,BUY,5,20317,Bybit
1749217253.0109525,BTC/USD,SELL,2,20326,dYdX
1749217253.0109525,BTC/USD,SELL,7,20326,Bybit
1749217253.0109525,BTC/USD,SELL,2,20331,Bybit
1749217253.0109525,BTC/USD,SELL,5,20333,dYdX
1749217253.0109525,BTC/USD,SELL,7,20326,Bybit
1749217253.0109525,BTC/USD,BUY,8,20327,dYdX
1749217253.0109525,BTC/USD,BUY,9,20335,FTX
1749217253.0109525,BTC/USD,BUY,6,20331,dYdX
1749217253.0109525,BTC/USD,BUY,5,20335,FTX
1749217253.0109525,BTC/USD,BUY,2,20335,FTX
1749217253.0109525,BTC/USD,BUY,8,20326,dYdX
1749217253.0109525,BTC/USD,SELL,0,20335,FTX
1749217253.0109525,BTC/USD,BUY,7,20325,dYdX
1749217253.0109525,BTC/USD,SELL,7,20324,Bybit
1749217253.0109525,BTC/USD,SELL,8,20322,FTX
1749217253.0109525,BTC/USD,BUY,5,20323,dYdX
1749217253.0109525,BTC/USD,SELL,4,20318,FTX
1749217253.0109525,BTC/USD,BUY,6,20326,dYdX
1749217253.0109525,BTC/USD,SELL,1,20327,FTX
1749217253.0109525,BTC/USD,BUY,0,20324,dYdX
1749217253.0109525,BTC/USD,SELL,6,20321,dYdX
1749217253.0109525,BTC/USD,SELL,1,20323,Binance
1749217253.0109525,BTC/USD,BUY,9,20313,Binance
1749217253.0109525,BTC/USD,BUY,1,20322,dYdX
1749217253.0109525,BTC/USD,BUY,4,20325,Binance
1749217253.0109525,BTC/USD,SELL,7,20317,Bybit
1749217253.0109525,BTC/USD,SELL,2,20318,dYdX
1749217253.0109525,BTC/USD,SELL,7,20312,dYdX
1749217253.0109525,BTC/USD,BUY,9,20319,FTX
1749217253.0109525,BTC/USD,BUY,4,20325,Binance
1749217253.0109525,BTC/USD,SELL,3,20319,Binance
1749217253.0109525,BTC/USD,BUY,0,20317,FTX
1749217253.0109525,BTC/USD,BUY,6,20312,dYdX
1749217253.0109525,BTC/USD,SELL,6,20305,dYdX
1749217253.0109525,BTC/USD,SELL,9,20296,Bybit
1749217253.0109525,BTC/USD,BUY,6,20299,Bybit
1749217253.0109525,BTC/USD,SELL,2,20292,dYdX
1749217253.0109525,BTC/USD,BUY,0,20293,dYdX
1749217253.0109525,BTC/USD,BUY,0,20292,FTX
1749217253.0109525,BTC/USD,SELL,8,20296,FTX
1749217253.0109525,BTC/USD,SELL,2,20302,FTX
1749217253.0109525,BTC/USD,SELL,1,20310,dYdX
1749217253.0109525,BTC/USD,SELL,4,20316,FTX
1749217253.0109525,BTC/USD,SELL,5,20312,Binance
1749217253.0109525,BTC/USD,SELL,1,20318,FTX
1749217253.0109525,BTC/USD,BUY,2,20325,FTX
1749217253.0109525,BTC/USD,BUY,4,20332,FTX
1749217253.0109525,BTC/USD,BUY,8,20332,Bybit
1749217253.0109525,BTC/USD,SELL,5,20338,dYdX
1749217253.0109525,BTC/USD,BUY,0,20348,dYdX
1749217253.0109525,BTC/USD,BUY,7,20352,Binance
1749217253.0109525,BTC/USD,BUY,5,20344,FTX
1749217253.0109525,BTC/USD,SELL,4,20335,Binance
1749217253.0109525,BTC/USD,SELL,1,20344,Bybit
1749217253.0109525,BTC/USD,SELL,8,20337,dYdX
1749217253.0109525,BTC/USD,SELL,5,20337,FTX
1749217253.0109525,BTC/USD,SELL,3,20331,FTX
1749217253.0109525,BTC/USD,SELL,1,20321,dYdX
1749217253.0109525,BTC/USD,BUY,2,20325,FTX
1749217253.0109525,BTC/USD,BUY,9,20332,FTX
1749217253.0109525,BTC/USD,SELL,4,20335,Bybit
1749217253.0109525,BTC/USD,BUY,7,20343,FTX
1749217253.0109525,BTC/USD,SELL,7,20338,Bybit
1749217253.0109525,BTC/USD,SELL,0,20335,Binance
1749217253.0109525,BTC/USD,BUY,6,20334,dYdX
1749217253.0109525,BTC/USD,BUY,8,20333,dYdX
1749217253.0109525,BTC/USD,SELL,9,20332,Bybit
1749217253.0109525,BTC/USD,BUY,7,20336,Binance
1749217253.0109525,BTC/USD,SELL,1,20334,Bybit
1749217253.0109525,BTC/USD,BUY,6,20332,Binance
1749217253.0109525,BTC/USD,BUY,3,20331,dYdX
1749217253.0109525,BTC/USD,SELL,2,20321,FTX
1749217253.0109525,BTC/USD,SELL,1,20331,FTX
1749217253.0109525,BTC/USD,SELL,8,20321,FTX
1749217253.0109525,BTC/USD,BUY,0,20319,FTX
1749217253.0109525,BTC/USD,SELL,7,20309,FTX
1749217253.0109525,BTC/USD,SELL,7,20307,Bybit
1749217253.0109525,BTC/USD,SELL,0,20299,Binance
1749217253.0109525,BTC/USD,SELL,0,20293,dYdX
1749217253.0109525,BTC/USD,SELL,1,20293,FTX
1749217253.0109525,BTC/USD,BUY,5,20298,dYdX
1749217253.0109525,BTC/USD,BUY,3,20291,FTX
1749217253.0109525,BTC/USD,SELL,0,20301,Binance
1749217253.0109525,BTC/USD,SELL,2,20303,FTX
1749217253.0109525,BTC/USD,SELL,9,20306,FTX
1749217253.0109525,BTC/USD,BUY,4,20307,Binance
1749217253.0109525,BTC/USD,BUY,1,20314,Bybit
1749217253.0109525,BTC/USD,BUY,6,20317,dYdX
1749217253.0109525,BTC/USD,BUY,7,20312,FTX
1749217253.0109525,BTC/USD,BUY,2,20320,Binance
1749217253.0109525,BTC/USD,SELL,6,20311,FTX
1749217253.0109525,BTC/USD,BUY,8,20309,dYdX
1749217253.0109525,BTC/USD,BUY,9,20318,Binance
1749217253.0109525,BTC/USD,SELL,5,20313,dYdX
1749217253.0109525,BTC/USD,BUY,8,20310,Bybit
1749217253.0109525,BTC/USD,BUY,7,20316,Binance
1749217253.0109525,BTC/USD,BUY,2,20312,FTX
1749217253.0109525,BTC/USD,BUY,5,20307,dYdX
1749217253.0109525,BTC/USD,SELL,8,20300,dYdX
1749217253.0109525,BTC/USD,SELL,6,20291,Binance
1749217253.0109525,BTC/USD,BUY,0,20281,Binance
1749217253.0109525,BTC/USD,BUY,0,20285,FTX
1749217253.0109525,BTC/USD,SELL,4,20294,Bybit
1749217253.0109525,BTC/USD,SELL,2,20298,FTX
1749217253.0109525,BTC/USD,BUY,4,20293,Bybit
1749217253.0109525,BTC/USD,BUY,9,20296,FTX
1749217253.0109525,BTC/USD,SELL,1,20295,FTX
1749217253.0109525,BTC/USD,BUY,9,20287,dYdX
1749217253.0109525,BTC/USD,SELL,7,20297,Binance
1749217253.0109525,BTC/USD,SELL,8,20290,Binance
1749217253.0109525,BTC/USD,BUY,7,20287,FTX
1749217253.0109525,BTC/USD,SELL,0,20289,dYdX
1749217253.0109525,BTC/USD,SELL,6,20288,dYdX
1749217253.0109525,BTC/USD,BUY,7,20287,dYdX
1749217253.0109525,BTC/USD,BUY,1,20285,FTX
1749217253.0109525,BTC/USD,BUY,5,20286,FTX
1749217253.0109525,BTC/USD,BUY,1,20276,Bybit
1749217253.0109525,BTC/USD,BUY,8,20271,FTX
1749217253.0109525,BTC/USD,BUY,5,20276,FTX
1749217253.0109525,BTC/USD,SELL,3,20281,Binance
1749217253.0109525,BTC/USD,BUY,0,20277,Bybit
1749217253.0109525,BTC/USD,BUY,0,20278,Binance
1749217253.0109525,BTC/USD,BUY,6,20274,FTX
1749217253.0109525,BTC/USD,SELL,5,20271,Bybit
1749217253.0109525,BTC/USD,BUY,7,20280,FTX
1749217253.0109525,BTC/USD,SELL,6,20278,dYdX
1749217253.0109525,BTC/USD,SELL,3,20283,Binance
1749217253.0109525,BTC/USD,SELL,7,20286,dYdX
1749217253.0109525,BTC/USD,BUY,2,20279,Bybit
1749217253.0109525,BTC/USD,BUY,9,20287,Bybit
1749217253.0109525,BTC/USD,SELL,3,20278,Bybit
1749217253.0109525,BTC/USD,SELL,0,20286,FTX
1749217253.0109525,BTC/USD,BUY,1,20283,FTX
1749217253.0109525,BTC/USD,SELL,0,20290,dYdX
1749217253.0109525,BTC/USD,BUY,0,20295,dYdX
1749217253.0109525,BTC/USD,SELL,6,20292,Binance
1749217253.0109525,BTC/USD,SELL,7,20288,Bybit
